2970 5430
662 417 763 475 -216
782 444 816 459 ·-

582 650 809 719 Bellorum!
863 703 870 718 .

252 875 350 939 Anno
379 874 510 939 Domini
541 873 785 938 sexcentesimo
803 868 1062 957 quadragesimo
1091 869 1240 956 septimo,

207 982 356 1067 Sergius,
376 982 494 1045 Pirrus
517 985 551 1046 et
572 979 710 1056 Paulus,
736 979 888 1056 heretici,
909 977 1083 1063 dampnati
1096 975 1241 1045 suerunt.

252 1086 350 1150 Anno
382 1087 514 1150 Domini
549 1086 794 1151 sexcentesimo
829 1083 1086 1170 quadragesimo
1114 1088 1241 1162 octauo,

208 1197 329 1258 ventus
350 1193 531 1257 uehemens
548 1191 612 1257 fuit
624 1193 819 1278 columpnas
837 1196 993 1258 euertens
1011 1197 1046 1258 et
1066 1189 1217 1258 arbores.

253 1299 424 1384 Eugenius
436 1300 463 1376 I,
480 1303 618 1363 sanctus
631 1305 775 1384 martyr,
792 1300 975 1364 Romanus.
988 1298 1138 1366 -Sedit
1152 1300 1245 1365 annis

209 1392 1245 1491 duobus,mensibusocto,diebusdnobusetuigenti;cessauit

208 1531 322 1576 mense
342 1531 421 1588 uno,
444 1510 560 1576 diebus
575 1516 650 1577 octo
664 1516 698 1578 et
713 1511 838 1576 decem.
856 1511 968 1576 Hicin
984 1511 1140 1592 omnibus
1154 1511 1247 1578 beni·

209 1635 308 1702 gnus
324 1615 514 1695 laudabilis,
532 1618 686 1682 amabilis
701 1623 736 1684 et
753 1619 897 1683 maxime
911 1619 1104 1685 sanctitatis
1118 1618 1195 1686 fuit.
1264 1645 1269 1672 i

160 1735 190 1790 lo
254 1723 459 1788 Vitalianus.
478 1760 521 1772 -
534 1724 598 1789 Hic
610 1724 784 1809 Signensis
797 1728 932 1790 cantum
948 1725 1178 1790 Romanorum
1192 1744 1245 1791 or·

210 1850 298 1916 gano
312 1829 547 1907 concordauit;
566 1831 658 1894 misit
669 1829 996 1916 Constantinopolim
1007 1829 1050 1894 ad
1065 1832 1247 1915 imperato·

210 1957 280 2003 rem
296 1937 432 2002 nuntios
446 1956 528 2020 quos
542 1937 771 2020 sollempniter
787 1937 927 2022 recepit;
945 1941 980 2002 et
995 1937 1089 2011 misit
1103 1937 1247 2022 impera-

210 2049 265 2109 tor
288 2045 392 2108 Rome
417 2063 545 2107 summo
562 2041 711 2128 pontifici
736 2042 936 2128 euuangelia
963 2051 1046 2108 auro
1059 2049 1093 2109 et
1111 2043 1248 2129 gemmis

211 2152 401 2236 conscripta
417 2170 478 2236 pro
494 2149 634 2214 ecclesia
650 2148 885 2226 Sancti-Petri,
905 2154 939 2215 et
951 2150 1131 2216 renouauit
1146 2150 1248 2235 impe·

212 2260 318 2332 rator,
332 2256 389 2320 illo
404 2260 566 2341 tempore,
581 2256 760 2341 priuilegia
773 2256 920 2322 Ecclesie
932 2258 1167 2322 Romanorum.
1182 2258 1248 2324 Iste

212 2381 298 2446 papa
324 2363 417 2427 misit
443 2363 477 2425 in
505 2363 663 2448 Angliam
689 2363 932 2428 Centurianum
964 2365 1248 2451 archiepiscopum

212 2469 346 2533 nomine
361 2467 584 2544 Theodorum,
606 2469 818 2545 monachum,
843 2489 963 2554 magne
984 2469 1180 2537 litterature
1194 2471 1246 2536 vi·

211 2596 298 2654 rum,
316 2576 371 2660 qui
387 2574 507 2639 librum
523 2573 777 2639 Peniteutialem
797 2576 994 2661 composuit.

257 2897 438 2976 Deodatus,
463 2897 646 2962 Romanus.
665 2933 704 2946 —
719 2896 812 2964 Sedit
831 2899 930 2963 annis
949 2901 1107 2983 quatuor,
1124 2901 1251 2966 mensi·

156 3020 192 3075 20
211 3008 272 3072 bus
288 3007 429 3083 duobus,
444 3005 560 3070 diebus
574 3005 733 3091 quinque;
751 3007 899 3071 cessauit
919 3004 1091 3070 mensibus
1106 3010 1249 3092 quatuor

210 3112 326 3178 diebus
342 3111 542 3197 quindecim.
562 3112 626 3176 Hic
643 3117 739 3178 tante
752 3111 973 3198 benignitatis
989 3112 1066 3189 fuit,
1084 3118 1123 3179 ut
1138 3112 1249 3178 nullus

211 3240 272 3284 nec
287 3220 381 3285 diues
396 3240 457 3284 nec
469 3239 595 3306 pauper
610 3239 630 3283 a
644 3239 679 3283 se
692 3238 818 3284 uacuus
835 3217 1019 3285 recederet.

255 3327 317 3392 Illo
337 3330 500 3411 tempore,
523 3344 663 3411 corpora
684 3325 793 3389 sancti
813 3323 985 3390 Benedicti
1011 3329 1045 3390 et
1067 3323 1250 3391 Scolastioe

209 3432 379 3499 translata
410 3433 547 3499 fuerunt
578 3432 619 3496 de
645 3431 922 3497 Monte-Cassino
946 3431 980 3495 in
1007 3431 1249 3497 monasterium

211 3539 354 3604 Floriaci
373 3539 407 3603 in
424 3538 555 3604 Galliis

251 3646 420 3729 Dompnus
433 3645 461 3720 Ι,
478 3646 709 3709 Romanus-
721 3643 814 3710 Sedit
827 3644 925 3708 annis
938 3643 1060 3720 tribus
1075 3643 1250 3709 mensibus

208 3753 366 3838 quinque,
383 3749 499 3814 diebus
513 3749 638 3827 tribus;
657 3751 805 3816 cessauit
824 3748 993 3814 mensibus
1014 3748 1156 3826 duobus,
1176 3748 1251 3815 die-

207 3858 269 3924 bus
289 3857 489 3943 quindecim.
506 3858 575 3922 Iste
589 3859 780 3923 construxit
794 3856 902 3923 locum
921 3858 975 3941 qui
993 3855 1118 3922 dicitur
1137 3855 1251 3920 Pura-

207 3965 305 4050 dysus
320 3969 399 4030 ante
411 3963 586 4029 ecclesiam
602 3963 824 4030 Sancti-Petri
840 3965 956 4029 Rome.

157 4082 190 4137 30
253 4068 401 4156 Agatho,
430 4067 570 4146 Situlus,
599 4075 736 4136 sanctus
758 4070 943 4136 consessor.
961 4105 1005 4119 -
1029 4067 1122 4137 Sedit
1145 4070 1246 4136 annis
