2918 5046
704 458 866 517 -448-

309 587 407 652 Anno
420 587 552 653 Domini
565 587 743 655 millesimo
755 588 961 675 octogesimo
971 592 1008 655 et
1031 587 1298 669 santonensem

265 697 319 759 est
329 714 451 781 corpus
467 696 576 761 sancti
587 694 742 761 Nioholai
758 694 846 783 apud
867 696 1023 761 Barium.

309 799 432 867 Eodem
449 822 550 880 anno,
578 802 764 890 Philippus,
783 822 845 868 rex
859 804 1080 881 Francorum,
1098 801 1201 869 iussit
1217 800 1299 867 mul·

264 912 317 973 tos
341 908 490 976 Francos
501 928 640 997 pergere
654 910 689 974 in
702 908 906 976 adiutorium
921 908 1069 977 Anfulde
1082 910 1176 999 regis
1186 924 1299 979 eoum

264 1032 426 1101 paganos.
438 1015 533 1091 Quod
543 1016 719 1083 audientes
732 1019 856 1105 pagani
870 1017 1044 1105 fugerunt.

309 1231 386 1318 Ipso
396 1250 498 1311 anuo,
513 1230 598 1298 obiit
606 1230 817 1309 Guillelmes,
835 1250 897 1297 rex
912 1230 1113 1317 Anglorum.

306 1449 468 1533 Tempore
484 1446 613 1512 Urbani
629 1448 662 1513 11
674 1466 772 1535 pape,
791 1466 880 1513 anno
895 1448 1027 1513 Domini
1051 1445 1232 1514 millesimo
1241 1466 1299 1515 no-

262 1555 436 1641 nogesimo
458 1562 493 1620 et
516 1552 674 1631 secundo,
703 1553 879 1640 Philippus
892 1553 1021 1621 dimisit
1042 1573 1184 1621 uxorem
1208 1572 1298 1621 suam

263 1664 411 1739 Bertam,
426 1660 467 1725 de
477 1680 543 1745 qua
553 1659 720 1727 habuerat
731 1660 837 1725 filium
850 1662 984 1725 nomine
996 1658 1219 1727 Ludouioum.
1240 1660 1299 1728 no-

212 1778 244 1835 to
262 1772 468 1857 cepitautem
479 1768 566 1833 idem
580 1788 643 1833 rex
658 1766 894 1845 Bertrandam,
907 1788 971 1854 que
986 1766 1172 1853 reliquerat
1188 1764 1300 1835 Fulse-

264 1900 352 1957 nem,
367 1878 522 1944 corruitem
536 1874 845 1962 Andegauensium.

306 1988 404 2050 Aninio
420 1984 551 2049 Domini
567 1981 745 2047 millesimo
760 1980 978 2067 nonagesimo
993 1984 1028 2047 et
1046 1980 1165 2060 tertio,
1181 1980 1298 2047 iterum

261 2092 434 2157 cenobuim
447 2088 763 2157 Sancti-PetriUiui
781 2090 859 2175 igne
875 2087 1078 2156 destruitur.

304 2198 403 2263 Anno
422 2196 554 2263 Domini
580 2195 758 2261 millesimo
773 2196 992 2281 nonagesimo
1006 2201 1041 2262 et
1056 2200 1193 2282 quarto,
1220 2194 1300 2265 obiit

262 2298 366 2362 Berta
386 2295 517 2383 regina,
543 2293 732 2359 reclamans
762 2294 929 2361 iustitiam
954 2293 996 2361 de
1023 2314 1105 2382 rege
1137 2296 1196 2383 qui
1229 2311 1299 2363 eam

264 2404 462 2490 reliquerat.

305 2511 404 2577 Anno
426 2510 557 2576 Domini
573 2509 752 2575 millesimo
768 2510 986 2595 nonagesimo
998 2512 1033 2577 et
1043 2508 1176 2596 quinto,
1194 2508 1301 2579 Urbs·

262 2639 326 2684 nus
348 2620 381 2685 11
405 2616 590 2684 celebrauit
618 2616 795 2683 concilium
815 2614 1103 2694 claromontense,
1131 2619 1168 2682 et
1187 2614 1299 2683 eodem

262 2747 364 2806 anno,
385 2726 477 2793 aliud
493 2725 580 2814 apud
597 2727 761 2791 Turones.

208 2847 243 2907 ‘20
305 2833 429 2902 Eodem
453 2854 555 2911 anno,
578 2831 712 2898 iubente
729 2830 866 2898 domino
897 2829 1068 2907 Rioherio,
1097 2834 1219 2899 nostro
1245 2848 1300 2897 ar·

261 2942 484 3028 cbiepiscopo,
515 2942 549 3005 in
574 2940 816 3006 monasterium
839 2937 1173 3007 Sancti-Petri·Uiui
1188 2942 1301 3007 trane·

260 3048 366 3114 latum
385 3054 438 3113 est
450 3052 551 3134 caput
570 3046 679 3111 saneti
693 3044 862 3131 Gregorii,
882 3064 966 3133 pape
987 3044 1149 3123 doctoris,
1166 3042 1209 3113 do
1230 3044 1300 3113 loeo

259 3152 423 3239 plombeo‚
449 3155 484 3218 in
504 3174 569 3238 quo
584 3152 786 3219 seruabatur
800 3152 936 3232 ibidem,
955 3154 990 3219 in
1017 3173 1154 3243 capsam
1178 3172 1299 3243 orgen·

259 3266 348 3325 team
364 3280 439 3326 sum
455 3260 571 3327 multis
585 3260 663 3325 aliis
677 3260 842 3345 reliquiis,
861 3268 959 3329 sexto
980 3259 1148 3331 kalendas
1163 3262 1255 3331 maii·

303 3468 402 3534 Anno
414 3468 545 3533 Domini
555 3467 732 3533 millesimo
749 3465 968 3551 noriagesimo
982 3470 1093 3543 sexto,
1111 3462 1198 3533 obiit
1212 3464 1297 3533 Her·

258 3574 404 3651 tinuimus,
425 3573 529 3639 abbas
542 3574 784 3651 Sancti-Petri,
807 3570 897 3657 apud
912 3572 1136 3639 Mauriauum.

303 3682 403 3745 nuno
431 3681 561 3746 Domini
586 3681 765 3746 urillesimo
788 3680 1008 3767 nonagesimo
1033 3680 1191 3768 septimo,
1217 3678 1295 3775 pont

261 3786 393 3853 donnus
408 3786 586 3852 Rieberius
599 3787 884 3874 archiepiscopus,
898 3784 1044 3852 uirbone
1057 3788 1128 3855 uite
1137 3794 1173 3856 et
1184 3790 1294 3855 mco

259 3896 431 3971 memorie,
458 3900 556 3960 sexto
574 3894 735 3959 kulemlas
767 3894 927 3959 ianuarii.
954 3894 1018 3967 Qui
1037 3902 1219 3981 antequam
1232 3910 1293 3959 mo·

206 4014 240 4073 30
259 4012 404 4081 reretur,
428 4000 642 4087 presentibus
669 4002 822 4087 personis
851 3999 992 4066 riraioris
1020 4000 1173 4081 ecclesie,
1202 4018 1293 4069 nm·

258 4108 353 4175 drmit
382 4108 556 4173 rrronaobis
584 4108 807 4175 Stetisti-Petri
830 4114 866 4171 ut.
882 4108 1047 4193 eligerent
1071 4107 1245 4190 abbatem
1260 4112 1291 4173 et
