2918 5046
697 424 806 483 -359
824 454 857 470 -

306 556 344 622 ln
368 556 440 641 ipso
460 574 561 637 anno,
588 573 702 620 mense
719 558 881 640 augusto,
901 552 986 621 obiit
1006 552 1189 633 Robenus,
1204 560 1299 645 poter

261 682 354 740 suns,
378 666 497 749 potens
512 666 547 729 et
561 660 656 728 diues
676 659 787 726 uelde.
809 661 885 747 lpse
907 680 990 727 uero
1006 660 1296 745 Archambendnn,

259 767 375 835 eodem
399 788 526 847 mense,
550 766 635 834 obiit
664 766 774 833 adhuc
810 766 955 845 iuuenis,
981 772 1104 855 quarto
1137 766 1298 837 kalende!

260 875 473 963 septembris,
499 875 644 962 expletis
668 876 703 941 in
729 874 1023 962 archiepiscopatu
1044 876 1295 957 annisum,

260 982 431 1048 mensibus
455 980 583 1048 duobus
599 985 634 1048 et
651 980 704 1047 die
720 1000 800 1059 uno,
817 981 872 1047 uel
888 980 1069 1048 secundum
1091 982 1297 1069 quoniamst

261 1088 349 1155 hene
369 1096 467 1155 teneo
491 1088 709 1165 sententiam,
735 1085 876 1174 perfecit
895 1093 966 1154 tam
989 1087 1068 1155 sede
1091 1110 1193 1177 quam
1213 1090 1297 1159 inter

261 1216 297 1261 se
325 1202 360 1263 et
385 1195 582 1262 Austesium
611 1196 790 1262 uacatione
816 1201 892 1261 oeto
914 1214 1033 1279 annos,
1059 1216 1195 1263 menses
1218 1196 1296 1265 (loon

260 1310 295 1370 et
329 1302 416 1368 diem
450 1322 565 1368 unum.
598 1302 685 1369 Nam
716 1304 825 1368 maior
855 1303 998 1371 ecclesie
1023 1303 1202 1373 destructa
1237 1304 1296 1373 init

260 1410 350 1494 igne,
379 1414 529 1495 tempore
563 1408 826 1487 Archambeudi,
859 1430 948 1475 anno
983 1410 1143 1480 uidelicet
1169 1412 1294 1481 Domini

208 1527 242 1583 lo
260 1518 553 1603 noningentesimo
582 1518 793 1603 sexagesimo
818 1516 975 1596 seeundo,
1006 1539 1106 1605 quem
1121 1522 1213 1609 oepit
1226 1540 1296 1589 roo·

260 1629 399 1689 tautane
426 1622 718 1689 Archembsudus.

301 1730 457 1797 Mortuus
478 1735 531 1797 est
553 1727 832 1796 erchambaldus
855 1730 919 1797 hoc
943 1730 1061 1798 modo:
1078 1732 1293 1820 Apparuitei

258 1842 396 1903 sanetus
415 1836 618 1904 Saninianus
638 1844 716 1924 post
735 1839 873 1905 tertiam
896 1837 950 1904 uel
981 1842 1139 1925 quantam
1168 1858 1294 1907 emmo·

258 1945 420 2010 nitionem
433 1950 533 2031 prout
545 1946 615 2011 suis
627 1951 872 2032 recognouenat
883 1944 994 2013 dictus
1003 1944 1290 2015 Archombaodon.

259 2051 302 2119 Et
329 2051 473 2137 quadam
500 2060 610 2131 nocte,
637 2052 716 2118 dum
747 2050 879 2119 iacebat
904 2053 939 2118 in
966 2050 1149 2121 refectorio
1180 2074 1293 2123 mona·

258 2158 410 2239 chorum,
440 2161 528 2227 dixit
551 2162 604 2225 ei:
636 2190 650 2215 a
678 2160 755 2225 Non
784 2158 927 2245 amplius
954 2160 1126 2246 paciemur
1151 2159 1291 2227 desolari

258 2267 365 2331 locum
382 2274 535 2333 nostrum
561 2273 678 2333 nostro
696 2268 863 2353 martyrio
881 2264 1085 2333 dedicatum.
1108 2296 1124 2325 n
1147 2266 1292 2335 Audien-

258 2380 311 2438 tes
342 2393 422 2439 uero
447 2373 643 2439 cubicularii
676 2374 763 2439 hane
790 2393 905 2439 uocem
935 2392 1009 2439 oum
1034 2374 1183 2442 maximo
1205 2374 1292 2441 toni·

257 2488 348 2556 truo,
374 2488 408 2547 et
424 2482 664 2569 intelligentes,
680 2486 915 2559 surrexerunt,
932 2488 966 2549 et
984 2480 1078 2547 illum
1094 2482 1292 2549 inuenerunt

204 2594 240 2651 to
259 2585 397 2665 nudum,
415 2594 582 2654 mortuum
598 2594 633 2655 et
647 2589 811 2653 iacentem
834 2587 870 2652 in
889 2592 1005 2665 tenna;
1032 2588 1164 2675 etquis
1184 2588 1289 2657 territi

259 2691 407 2772 luerunt,
437 2694 517 2760 altis
554 2693 691 2759 uocibus
721 2693 954 2759 clamauerunt
985 2692 1142 2771 multum,
1173 2692 1223 2761 ite
1256 2698 1289 2759 nt

258 2820 375 2865 omnes
400 2800 471 2866 fere
487 2801 587 2866 uicini
612 2800 654 2866 ad
677 2800 842 2865 clamores
861 2800 1009 2884 ipsorum
1032 2806 1212 2869 uenerunt.
1224 2800 1289 2869 Neo

257 2908 367 2993 potuit
399 2905 463 2973 hoe
498 2907 613 2973 celani.
653 2907 811 2993 Sepultus
845 2914 899 2971 est
933 2904 967 2970 in
996 2904 1055 2971 iilo
1088 2906 1289 2975 monastello
1323 2946 1326 2951 -

257 3012 595 3080 Sancti-Petrinis.
1179 3032 1185 3041 ·

469 3476 628 3527 ncsnnsms,
647 3472 810 3515 SENONENMB
837 3474 1075 3519 nnfflmolsoom.

291 3624 449 3681 Tricesime
467 3630 569 3696 quarte
591 3620 688 3677 tabula
704 3620 832 3693 loquitur
845 3620 881 3677 de
895 3620 1014 3680 domino
1028 3624 1180 3693 Aueusio,
1201 3624 1286 3683 Seno-

261 3716 343 3772 nensi
360 3714 593 3785 archiepiscopo:
611 3710 645 3767 de
661 3710 788 3783 reliquiis
801 3712 892 3767 sancti
911 3708 1037 3767 Victoris
1051 3730 1059 3777 ;
1074 3710 1112 3767 ‹le
1132 3712 1286 3771 tnrhntim

262 3806 395 3861 llomnne
419 3800 565 3861 Bedesis:
578 3800 614 3855 de
636 3800 872 3869 lothariensem
894 3798 930 3855 do
951 3798 1055 3869 angelo
1072 3798 1123 3873 qui
1136 3800 1285 3859 nnnnnn'n·

256 3897 299 3953 uit
311 3900 433 3950 mortem
448 3890 590 3957 Austnsii,
605 3888 678 3946 etde
691 3887 748 3945 hiis
760 3904 817 3963 que
827 3888 876 3945 illo
890 3898 1020 3961 tempore
1033 3898 1206 3947 euenerunt

207 4108 241 4168 80
300 4095 398 4159 Anno
437 4087 480 4155 ab
515 4088 752 4155 incarnatione
788 4086 957 4153 dominico
998 4088 1284 4177 noningentesimo
