2970 5430
720 437 864 491 ..32-

324 557 519 622 Hecomnia
543 576 645 643 supra
671 557 809 643 scripta,
831 563 981 645 tempore
1004 561 1114 627 sancti
1129 560 1319 639 Sauiniani,

268 664 482 730 :Senonensis
495 664 595 750 primi
608 664 861 749 archipresulis
881 673 1078 734 euenerunt.

413 876 616 962 Martyrium
635 879 746 943 soracti
763 878 924 959 Scrotini,
948 880 1185 948 archidiaconi.

322 1093 458 1181 Sepulto
470 1096 685 1160 sanctissimo
698 1095 894 1174 Sauinian0,
904 1098 1011 1183 primo
1021 1097 1251 1183 archipresule
1265 1098 1323 1165 Se·

269 1223 439 1279 nonense,
460 1207 495 1267 et
517 1209 634 1268 sancto
651 1203 839 1281 victorina,
856 1205 901 1267 in
930 1204 1044 1270 eodem
1062 1205 1146 1282 loco,
1163 1209 1199 1271 et
1212 1224 1320 1291 paruo

275 1309 345 1375 filio
357 1309 399 1375 ad
408 1309 509 1395 pedes
524 1329 652 1385 eorum,
664 1309 983 1394 prothomartiribus
996 1309 1196 1388 Galliarum,
1212 1309 1321 1375 Sanc-

275 1423 331 1483 tus
347 1417 534 1494 SerotinuS,
549 1416 752 1482 Senonensis
765 1415 1036 1492 archidiaconus,
1054 1419 1246 1480 sanctorum
1263 1434 1322 1479 se-

275 1522 427 1608 pulchra,
437 1519 1319 1611 obipsorumsuffragia‚frequentabathquibusdam

232 1629 235 1632 ’
276 1648 356 1694 uero
372 1629 513 1716 paganis
526 1628 595 1692 illic
612 1629 772 1695 inuentus
789 1627 930 1703 occulte,
940 1637 1101 1713 tanquam
1114 1627 1320 1694 dubitabant

218 1748 256 1804 ,10
274 1755 432 1822 magnam
443 1737 703 1821 generositatem
713 1735 830 1821 ipsius,
844 1733 1123 1801 fustibusdiutins
1133 1740 1317 1810 mactatus,

275 1842 441 1927 martyrio
465 1845 657 1907 coronatur.
686 1843 811 1907 Beatus
831 1847 913 1907 tunc
938 1842 1174 1920 Potentianus,
1194 1861 1319 1908 secun-

274 1947 336 2013 dus
357 1946 561 2013 Senonensis
589 1946 873 2032 archiepiscopus,
892 1945 982 2012 hunc
999 1946 1033 2011 in
1051 1945 1166 2012 eodem
1182 1948 1319 2015 cimite-

275 2054 325 2120 rio
348 2053 515 2140 sepeliuit,
532 2057 575 2119 'et
599 2058 758 2138 parentes
780 2053 884 2137 ipsius
900 2052 1062 2137 martyris
1077 2054 1198 2117 turrim
1216 2074 1320 2141 super

274 2159 482 2245 sepulturam
504 2162 781 2234 construxerunt,
814 2177 912 2241 qnam
943 2155 1153 2242 postmodum
1178 2165 1319 2226 sanctus
1380 2201 1386 2212 ·

274 2266 498 2331 Potentianus
511 2265 687 2331 ecclesiam
709 2263 932 2328 consecrauit.
948 2263 1017 2336 Que
1029 2270 1145 2348 postea
1157 2264 1319 2331 aWnan-

274 2369 362 2435 dalis
375 2376 409 2436 et
422 2371 569 2456 Paganis
583 2369 756 2435 destructa
773 2367 849 2434 suit.
863 2370 905 2434 Et
919 2368 992 2434 ideo
1003 2389 1123 2455 corpus
1135 2372 1314 2456 martyris,

276 2477 418 2563 septimo
439 2475 603 2542 kalendas
628 2474 757 2560 aprilis,
782 2472 845 2540 fuit
860 2476 1066 2540 translatum
1091 2475 1125 2540 in
1141 2480 1318 2542 monaste·

275 2584 362 2648 rium
379 2582 714 2658 Sancti-Petri-Uiui‚
730 2591 764 2648 et.
776 2583 922 2666 positum
936 2580 997 2647 sub
1011 2582 1125 2659 altari,
1139 2582 1173 2646 in
1187 2581 1318 2647 honore

274 2691 380 2777 ipsius
393 2696 427 2755 et
444 2689 554 2755 sancti
570 2690 743 2755 Vincentii
754 2688 920 2767 dedicato,
937 2689 992 2755 vbi
1004 2688 1230 2756 multediuine
1241 2710 1318 2777 ope·

219 2814 255 2871 no
274 2796 437 2873 rationes,
454 2797 638 2881 persancti
653 2796 800 2862 Serotini
818 2798 951 2874 merita,
968 2797 1072 2863 fuisse
1087 2797 1178 2864 facta
1195 2799 1319 2866 multo-

273 2903 362 2970 tiens
373 2901 630 2990 dignoscuntur,
648 2908 748 2990 prout
765 2902 907 2968 inferius
921 2902 1111 2968 declarabo.

276 3231 326 3296 De
346 3229 562 3295 translatione
576 3239 767 3293 sauctorum
788 3226 977 3304 Sauiniani,
990 3227 1216 3311 sociorumque
1229 3229 1312 3297 rias.

316 3449 477 3523 Quamuis
492 3452 642 3532 tempore
658 3444 758 3510 istius
779 3445 884 3530 prime
896 3443 1022 3521 tabule,
1048 3465 1190 3531 corpora
1214 3466 1316 3514 sanc-

271 3558 384 3620 torum
395 3554 598 3637 martyrum,
618 3550 792 3616 Saniniani
805 3557 840 3617 et
855 3552 1062 3630 Potentiam,
1082 3555 1316 3642 sociorumque

271 3680 399 3738 eorum,
425 3657 595 3726 translata
612 3678 678 3722 non
704 3655 843 3736 fuerint,
865 3665 979 3734 tamen
994 3660 1029 3723 in
1054 3660 1203 3745 presenti
1225 3660 1312 3738 loce,

270 3767 396 3834 dictam
408 3765 666 3833 translationem
684 3765 842 3852 proposui
857 3764 1042 3831 declarare.
1058 3767 1146 3831 Nam
1158 3768 1311 3852 promisi,

270 3872 448 3940 cuiuslibet
461 3870 703 3959 archiepiscopi
728 3878 806 3959 post
828 3877 938 3950 actus,
969 3872 1181 3938 conscribere
1198 3874 1313 3961 sepul-

269 3988 394 4059 turam,
418 3987 452 4048 et
467 3979 640 4046 declarare
660 3981 733 4047 loca
752 3981 787 4046 in
811 3980 931 4066 quihus
952 3999 1066 4045 eorum
1084 3999 1225 4065 corpora
1237 3999 1314 4045 con-

268 4088 433 4154 tinentur.
