2970 5430
722 475 877 536 ..132..

277 606 390 694 periit.
417 602 484 672 Sub
513 603 732 683 Maximiano,
758 608 895 671 sanctus
911 603 1192 675 Mauritiuseum
1214 601 1311 671 sociis

277 712 444 798 martyrio
461 716 653 778 coronatur.
681 711 834 777 Pessima
848 715 929 777 tunc
956 709 1022 779 suit
1043 709 1228 797 xpistianis
1243 728 1313 799 per·

279 822 406 889 secutio
428 839 489 907 per
512 818 625 885 decem
652 837 770 884 annos.
803 816 898 884 Infra
925 817 1070 904 triginta
1086 816 1172 896 dies,
1195 814 1263 883 duo
1280 819 1313 885 et

276 928 406 1014 vigenti
425 925 519 991 milia
539 925 694 992 martirio
718 928 935 1004 coronantur,
956 926 1047 993 inter
1070 945 1153 1013 quos
1167 922 1314 1019 Marcelf

276 1032 379 1110 timue,
400 1050 498 1118 papa.
525 1029 651 1096 Ea'dem
671 1031 915 1117 persecutione,
941 1031 1033 1117 passi
1049 1035 1130 1098 sunt
1156 1017 1313 1098 sanctiot

277 1143 393 1204 sancte
409 1137 642 1215 Sebastianus,
662 1137 859 1216 Geruasius,
875 1132 1088 1216 Prothasius,
1106 1134 1311 1224 Gorgonius,

276 1240 1311 1330 Quintinuscrisogonus,Anastasia,Agrestutiatgatbs,

276 1353 311 1415 et
327 1349 424 1416 multi
439 1349 499 1415 alii
521 1349 697 1435 utriusque
715 1367 835 1427 sexus;
862 1348 950 1436 apud
970 1349 1107 1436 Egeam,
1122 1346 1265 1415 Cosmus
1280 1351 1318 1415 et·

277 1454 477 1532 Damianus;
492 1453 580 1541 apud
594 1454 756 1540 Frigiam,
774 1453 915 1539 quedam
933 1454 1056 1522 ciuitas
1073 1473 1148 1521 oum
1172 1452 1312 1542 xpistic·

225 1561 258 1618 10
275 1560 330 1624 nis
347 1545 601 1638 concrematum
624 1560 660 1625 in
682 1559 861 1626 Britbania
875 1565 910 1630 et
927 1560 1063 1648 Anglia,
1081 1578 1199 1627 omnes
1225 1558 1313 1649 xpis-

274 1666 361 1733 tiani
374 1670 454 1732 suut
468 1666 622 1732 extincti.
644 1667 736 1733 Tune
755 1687 876 1753 passus
892 1671 946 1734 est
962 1672 1101 1734 sauctus
1123 1664 1310 1756 Georgium

275 1775 357 1837 tuno
394 1769 455 1835 sub
492 1771 685 1850 Maxentio,
716 1771 816 1838 beata
850 1773 947 1860 uirgo
987 1772 1180 1843 Katheriua
1213 1790 1313 1863 passe

276 1877 354 1947 tuit.

319 2199 526 2266 Maxentius.
562 2234 607 2250 -
635 2200 688 2265 Ita
716 2200 882 2285 pessimus
904 2198 991 2286 quod
1016 2198 1104 2288 apud
1143 2199 1313 2267 Romame

275 2309 368 2371 caret
405 2305 533 2371 honore
561 2305 707 2371 nominis
736 2304 897 2393 adscripti
927 2327 1001 2374 cum
1027 2307 1105 2375 aliis
1128 2308 1314 2396 imperato-

274 2413 381 2479 ribus.
1003 2420 1008 2431 ·

317 2517 546 2584 Constantius.
562 2552 607 2567 -

318 2625 487 2691 Valerius.
505 2623 630 2690 -Sub
646 2624 725 2702 isto,
746 2627 885 2690 sanctus
899 2623 1101 2692 Vincentius
1115 2626 1312 2703 coronatur,

272 2740 308 2801 et
322 2732 420 2798 multi
432 2731 503 2797 alii.

220 2859 255 2917 20
317 2839 480 2904 Licinius.
494 2873 539 2889 -
555 2837 711 2905 Seuerus.
736 2874 781 2889 -
802 2838 846 2904 Et
865 2838 944 2924 quia
966 2838 1025 2905 isti
1048 2837 1135 2904 male
1155 2836 1314 2907 ordinate

273 2948 537 3033 imperauerunt,
551 2944 783 3024 Constantius,
804 2946 860 3032 qui
875 2945 1075 3032 supervixit,
1094 2945 1206 3013 adhue
1220 2946 1315 3035 poni·

273 3052 391 3120 turhio
404 3052 593 3137 inscriptis,
604 3051 673 3117 Iste
683 3050 903 3118 Constantius
912 3051 1116 3118 uictoriosus
1128 3049 1195 3119 fuit
1206 3073 1216 3133 ;
1229 3051 1314 3120 mul·

273 3163 326 3225 tos
335 3156 421 3244 apud
434 3157 607 3242 Lingonas
613 3157 791 3243 sexaginta
801 3155 895 3221 milia
902 3155 1166 3223 Alamannorum
1174 3154 1315 3226 interfe-

273 3264 331 3329 cit.
345 3263 417 3329 Itlis
431 3261 650 3349 temporibus,
668 3262 902 3349 septemdecim
926 3263 1020 3329 milia
1038 3269 1229 3350 martyrum
1242 3263 1314 3333 iue-

273 3374 364 3435 runt.
381 3370 451 3436 Iste
465 3369 684 3436 Constantius
699 3389 812 3456 regem
825 3368 989 3456 Hispanie
1001 3368 1138 3449 deuioit,
1159 3375 1196 3438 et
1206 3368 1312 3439 fllium

274 3491 381 3553 suam,
407 3476 541 3540 nomine
575 3474 751 3552 Helenam,
775 3477 811 3540 in
834 3475 1052 3543 concubinam
1077 3480 1219 3566 aceepit,
1246 3500 1312 3567 que

273 3585 349 3666 post
373 3577 464 3645 facta
493 3585 545 3646 est
567 3581 778 3667 imperatrix.
808 3583 860 3648 Ex
879 3603 920 3649 ea
948 3586 1065 3671 genuit
1088 3584 1311 3657 Constantius

253 3689 543 3786 Constantinum.
1140 3710 1142 3715 ’

316 3794 572 3873 Constantinus,
602 3794 729 3861 Helene
745 3794 836 3862 filius
858 3815 901 3861 ex
923 3795 1135 3867 Constantio.
1152 3834 1198 3852 -
1211 3800 1311 3888 Xpis·

220 3928 253 3985 30
272 3902 387 3969 tianus
417 3899 494 3967 fuit.
526 3901 713 3966 Licentiam
747 3901 929 3988 xpistianis
957 3901 1118 3969 ecclesias
1152 3902 1306 3973 satiandi.

274 4008 412 4074 Heresis
439 4008 577 4074 arriana
594 4007 714 4073 oritur.
733 4005 918 4074 Concilium
932 4007 1115 4076 multorum
1135 4009 1328 4098 episcopo·-

273 4133 349 4182 rum
363 4113 494 4182 Nicetis
515 4118 755 4200 congregatur,
769 4113 860 4179 inter
874 4133 957 4199 quos
969 4119 1108 4185 sanctus
1123 4114 1309 4185 Nicholaus
