2970 5430
735 467 877 518 -.34-

691 694 891 762 'l'ruuslotio
905 743 909 749 -

319 917 519 983 Sanctorum
536 915 642 1003 igitur
655 916 844 993 Souiniani,
858 919 1090 1007 sociorumque
1101 923 1186 1002 eius,
1205 945 1320 994 sacra·

275 1025 408 1090 tissima
430 1045 583 1110 corpore,
605 1045 664 1111 per
688 1025 772 1090 bone
788 1025 947 1090 memorie
972 1024 1143 1094 dominum
1158 1030 1318 1098 Wenilo·

275 1152 364 1219 nem,
375 1132 564 1218 episcopum
576 1132 815 1209 Senononsem,
826 1131 997 1198 translata
1005 1131 1144 1201 fuerunt
1155 1134 1196 1202 de
1205 1138 1318 1224 primo

274 1236 358 1316 loco,
374 1239 479 1323 inquo
488 1238 674 1314 iacuerunt,
686 1237 720 1301 in
728 1238 970 1302 monasterium
982 1237 1314 1323 Sancti-Petri-Uiui,

274 1343 343 1420 ubi,
352 1342 393 1409 ob
406 1344 528 1410 merita
544 1348 749 1418 sanctorum,
763 1362 823 1428 per
835 1343 894 1408 Dei
908 1344 1173 1412 misericordiam
1189 1349 1318 1419 infirmi

274 1451 440 1536 recipiunt
464 1451 642 1526 sanitates,
670 1451 751 1517 iusti
780 1449 921 1514 celerem
937 1448 1093 1517 effectum
1115 1451 1215 1520 bonis
1243 1457 1316 1523 suis

273 1555 449 1621 desideriis
464 1554 659 1642 adquirunt,
678 1563 936 1641 peccatoresque
952 1576 987 1620 se
1008 1556 1130 1623 ibidem
1146 1562 1318 1630 ueraciter

272 1662 503 1738 humiliantes,
524 1663 656 1726 ueniam
675 1665 911 1727 consecuntur.
934 1661 978 1727 ut
1002 1661 1066 1729 hoc
1086 1665 1218 1745 melius,
1240 1667 1316 1735 loco

223 1777 254 1834 to
273 1771 546 1853 suoettempore,
562 1765 750 1832 declarabo.
763 1766 834 1831 Hec
845 1767 1029 1834 translatio
1043 1766 1134 1836 iacta
1146 1768 1212 1839 fuit
1223 1768 1318 1839 anno

272 1879 369 1941 sexto
393 1875 490 1960 regni
511 1873 680 1949 Lotharii,
697 1872 859 1939 Ludouiei
884 1878 918 1940 et
938 1874 1069 1952 Keroli,
1084 1874 1230 1942 illiorum
1243 1879 1317 1945 Lu·
1373 1882 1378 1889 '

271 1981 393 2058 douiei,
409 1981 462 2066 pie
475 1979 720 2046 recordationis
733 1986 766 2046 et
780 1985 935 2066 anguste,
955 2000 1045 2047 enno
1060 1982 1192 2049 Domini
1209 1987 1318 2053 octin-

272 2089 458 2174 gentesimo
469 2087 727 2175 quadragesimo
743 2089 899 2174 septimo.

326 2314 444 2354 senentis
463 2313 660 2364 potenninus,
682 2314 819 2354 SECUNDUS
839 2314 1004 2354 SRNONENSlS
1023 2315 1260 2358 euenturtscoem.

273 2459 405 2517 &cunda
430 2459 526 2516 tabula
545 2459 672 2534 loquitur
686 2459 721 2516 de
742 2469 842 2517 sancto
866 2459 1023 2528 Clemente,
1044 2477 1135 2534 papa,
1161 2461 1316 2520 desumto

308 2547 449 2621 Dyonisio
468 2556 497 2604 et
511 2548 597 2604 sociis
617 2548 693 2614 suis;
712 2546 747 2604 de
761 2550 900 2623 martyrio
914 2558 1081 2606 sanctorum
1095 2550 1263 2610 Potentiani
1286 2563 1316 2610 et

308 2637 411 2705 Altini,
428 2637 630 2709 sociorumque
644 2652 756 2703 eorum,
767 2645 796 2693 et
811 2635 961 2694 decorum
977 2638 1072 2710 primo
1085 2637 1273 2697 translatione
1286 2648 1315 2696 et

308 2726 343 2783 de
355 2727 478 2800 hiisque
492 2727 548 2783 illis
563 2725 741 2798 temporibus
754 2735 925 2784 euenerunt.

317 2928 443 2994 Beatus
459 2926 625 3003 Clemens,
641 2925 795 2992 tertiusd
810 2925 925 3002 Petro,
942 2926 996 2991 uel
1014 2927 1195 2993 secundum
1211 2950 1314 3015 quos-

218 3053 254 3110 20
273 3035 347 3101 dem
361 3039 514 3121 quantoe,
530 3033 584 3099 uel
601 3031 781 3099 secundnm
793 3031 878 3097 alios
895 3031 1074 3108 secundus,
1090 3032 1228 3098 natione
1243 3033 1314 3100 Ro·

274 3162 406 3219 manus,
434 3141 521 3208 sedit
547 3142 651 3206 Rome
669 3139 722 3204 uel
752 3139 786 3203 in
803 3139 905 3204 exilio
932 3158 1052 3204 nouem
1074 3139 1186 3217 annis,
1217 3146 1319 3206 men·'

275 3247 367 3312 sibus
401 3247 549 3326 duobus,
588 3246 705 3312 diebus
736 3244 869 3323 decem,
902 3250 942 3311 ut
980 3243 1111 3331 predixi
1141 3246 1176 3310 in
1204 3246 1314 3332 prima

272 3352 401 3420 tabula.

608 3566 660 3634 De
674 3577 789 3632 sancto
808 3565 977 3652 Dyonisio.

316 3781 380 3848 Hic
391 3781 485 3849 misit
501 3781 537 3846 in
554 3780 730 3846 Frentiam
747 3784 901 3848 sanctum
912 3780 1123 3866 Dyonisium,
1136 3780 1312 3847 Rusticum

270 3894 307 3955 et
319 3888 549 3956 Eleutherinm
568 3885 611 3952 ed
633 3884 873 3973 predicandum
896 3889 931 3953 et
946 3885 1212 3952 confirmandum
1226 3885 1313 3973 quod

270 3997 375 4063 ceteri
390 3996 485 4062 missi
501 4016 523 4060 a
534 3993 633 4060 beato
645 3994 748 4059 Petro
765 3991 1024 4080 predieauerant
1037 4012 1142 4079 usque
1157 3991 1200 4058 ad
1216 4011 1313 4058 suum

268 4104 469 4189 martyrium
482 4106 763 4168 consummatum.
778 4101 932 4176 Istitres,
942 4100 1125 4185 llyonisius
1135 4099 1310 4178 uidelicet,
