2970 5430
720 447 879 508 ..339-

285 585 393 654 cundo
405 603 513 652 nonas
528 583 614 661 iulii,
632 580 702 648 sole
719 581 754 647 in
771 594 894 646 cancro
903 577 1030 665 primos
1045 580 1141 645 estus
1150 576 1309 655 ueniente,

285 692 398 760 subito
430 693 550 778 ingens
574 690 787 758 choruscatio
820 706 893 754 cum
919 685 1074 754 inaudito
1097 684 1252 754 tonitmo
1267 686 1312 753 et

284 801 416 875 exorta,
445 801 480 864 et
501 800 624 863 uentus
649 795 773 862 nimius
797 791 962 860 subruens
981 790 1098 860 domos
1119 794 1157 861 et
1171 788 1310 861 arborea.

325 1120 424 1186 Anno
437 1119 570 1185 Domini
585 1115 879 1204 noningentesimo
894 1114 1068 1183 tricesimo
1080 1116 1195 1194 sexto,
1209 1110 1311 1183 Ludo·

280 1225 386 1303 uicus,
413 1225 532 1292 Karoli
549 1222 710 1310 simplicis
725 1222 815 1289 filius
836 1242 881 1289 ex
901 1221 1045 1309 Origine
1062 1222 1186 1311 regina
1205 1224 1308 1298 nans.

280 1351 343 1417 que
360 1330 501 1418 Origine
519 1351 561 1396 ex
586 1349 710 1417 genere
736 1328 922 1416 Anglorum
952 1326 1030 1408 snit,
1053 1347 1116 1416 por
1142 1327 1310 1416 Hugonen

279 1456 438 1526 magnum
450 1438 485 1503 in
498 1455 638 1524 regnum
653 1435 866 1513 sublimatur,
880 1438 915 1503 et
926 1432 1124 1502 unctusiuit
1135 1431 1227 1522 apud
1237 1432 1311 1501 Len

279 1542 419 1621 dimum,
437 1563 526 1609 anno
542 1544 674 1611 Domini
700 1543 994 1629 noningentesimo
1014 1542 1191 1610 tricesimo
1209 1544 1309 1609 sexto.

326 1649 525 1717 Procedenti
540 1670 642 1727 anno,
660 1647 745 1716 obiit
760 1648 959 1736 Rodulphus
981 1667 1057 1729 rex,
1076 1649 1135 1736 qni
1150 1646 1312 1717 ditauem

229 1755 421 1823 romuleum
443 1757 684 1823 monasterium
707 1753 1002 1823 Sancte-Columbo
1017 1754 1237 1823 Senonensis,
1260 1754 1311 1823 Se·

279 1858 396 1947 pultus
415 1857 480 1928 init
494 1860 529 1926 in
547 1860 637 1928 dicto
653 1861 871 1929 monasterio.

498 2120 655 2173 nunninus,
680 2121 841 2163 superenne
860 2121 1100 2167 eacurmrseoous.

320 2320 466 2379 vicesima
479 2337 559 2378 nona
570 2320 668 2378 mbula
680 2320 810 2394 loquitur
822 2319 858 2377 de
870 2319 1005 2378 Audaldo
1024 2337 1085 2379 non
1099 2337 1152 2395 per
1164 2336 1259 2381 annos
1271 2320 1315 2379 In-

283 2410 467 2479 carnationis,
489 2410 556 2484 qnia
580 2411 728 2482 ignoratur
751 2425 802 2482 per
828 2417 953 2483 quantos
972 2425 1067 2469 annos
1090 2408 1265 2469 Wanterins
1276 2406 1314 2479 ΙΙ,

281 2499 388 2556 rexerit
401 2497 562 2555 ecclesiam.

320 2712 502 2782 Decidente
515 2714 696 2783 Wauterio
708 2718 754 2793 11,
769 2716 956 2783 Senonensi
967 2716 1236 2807 archiepiscopo,
1250 2738 1317 2787 sno

275 2821 380 2887 cessit
399 2822 429 2887 ei
446 2819 603 2888 dominus
619 2822 794 2890 Audaldus
817 2823 1033 2891 memorande
1053 2828 1227 2893 memorie.
1244 2826 1318 2915 lpse

273 2928 454 2997 renouauit
478 2928 654 2995 ecclesiam
688 2932 920 2999 Beate-Maria
953 2932 989 2997 in
1021 2932 1144 3000 maiori
1177 2932 1317 3001 ecclesia

274 3033 583 3123 Sancti-Stephani.
613 3037 697 3105 Erat
728 3039 818 3104 enim
848 3040 1084 3107 vetustissima
1117 3058 1139 3106 a
1167 3044 1317 3129 tempora

219 3151 255 3209 20
273 3142 382 3209 sancti
405 3142 592 3221 Sardiniam,
619 3145 676 3229 qui
702 3165 776 3210 eam
797 3144 1013 3214 fundauerat.
1036 3146 1163 3214 Dicunt
1181 3144 1316 3235 qnidam

272 3247 359 3334 qnod
394 3248 521 3315 inimici
559 3249 636 3316 fidei
674 3251 800 3320 dietam
839 3253 1014 3320 basilicam
1062 3254 1315 3323 Sancte-Maris

273 3375 443 3443 nunquam
455 3363 638 3443 potuerunt
647 3359 789 3439 uiolare,
802 3380 864 3427 nec
874 3362 1069 3448 ymaginem
1082 3360 1183 3429 beate
1194 3360 1314 3437 Mario,

272 3466 416 3552 virginis
435 3470 470 3532 et
488 3466 608 3532 matris
624 3466 757 3533 Domini
783 3468 893 3534 nostri
921 3467 1174 3555 Ihesu·Xpisti,
1196 3466 1233 3533 in
1259 3464 1318 3533 illa

272 3571 412 3637 basilica
430 3571 571 3657 aprisco
588 3576 738 3658 tempore
759 3574 918 3661 positam,
936 3592 1109 3659 nunqnam
1137 3592 1314 3642 remouere

275 3694 336 3740 nec
351 3673 527 3741 destruere
539 3682 736 3763 potuerunt.

318 3782 418 3849 Dedit
433 3787 546 3850 autem
578 3784 666 3850 idem
682 3784 837 3852 dominus
849 3785 1029 3853 Audaldus
1044 3784 1318 3875 archiepiscopos

274 3888 317 3955 ad
332 3889 752 3975 stipendiacanonicorum
768 3892 885 3959 villam
916 3914 979 3980 que
1000 3892 1126 3962 dicitur
1156 3890 1316 3961 Ebbrola.

276 3995 478 4082 Complectis
503 3999 610 4086 igitur
638 4000 673 4064 in
712 4000 1004 4090 archiepiscopatu
1032 4002 1181 4089 quinque
1204 4000 1317 4079 annis,

277 4103 433 4171 dominus
473 4105 648 4174 Audaldus
689 4107 852 4196 migrauit
874 4107 918 4176 ad
940 4094 1136 4176 ‘nominum
1175 4106 1320 4196 septimo
