2918 5046
656 704 996 814 CRONICA

333 974 549 1045 FRATRIS
565 977 626 1045 GA
634 974 703 1043 UF
702 974 810 1046 RIDI
820 973 914 1042 ‘DIC
921 972 974 1041 TI
980 971 1059 1041 ‘DE
1073 972 1303 1042 COLLONE

455 1229 606 1278 uouncffl
629 1229 950 1279 sertem-Putat·th
977 1230 1181 1279 sunouunsts

733 1488 876 1498 α...-

335 1795 440 1867 Incipit
455 1795 569 1850 cronica
573 1835 626 1849 .....
644 1810 700 1865 que
714 1793 841 1866 loquitur
855 1793 985 1851 derebus
997 1795 1140 1866 preteritis
1150 1792 1338 1852 aNatiuitate

300 1885 416 1941 Domini
433 1883 524 1940 nostri
538 1880 720 1954 Iesu-Xpisti
743 1897 836 1955 usque
850 1881 886 1937 ad
899 1897 1010 1938 annum
1031 1881 1244 1940 incarnationis
1259 1883 1336 1939 eius·

299 1973 364 2029 dem
379 1973 497 2028 Domini
507 1971 694 2028 millesimum
706 1970 938 2028 ducentesimum
953 1972 1175 2044 nonagesimum
1190 1972 1335 2046 quintum.

300 2095 334 2105 -
349 2062 497 2133 Prologus.

346 2295 361 2319 a
382 2264 559 2337 Quoniam,
578 2269 615 2327 ut
635 2262 685 2327 ait
710 2260 934 2336 lberonimus,
950 2259 1075 2326 Paulus
1094 2258 1268 2346 apostolus
1296 2256 1336 2322 ad

301 2401 316 2425 α
331 2368 526 2436 Gamalielis
538 2366 638 2452 pedes
654 2365 760 2451 legem
775 2368 887 2452 Moysi
903 2386 939 2431 se
956 2364 1113 2432 didicisse
1126 2367 1305 2453 gloriatur,
1322 2396 1337 2421 n

300 2494 359 2561 per
366 2473 453 2558 quod
463 2471 559 2538 uobis
570 2471 672 2538 datur
683 2471 840 2559 intelligi,
855 2473 942 2559 quod
950 2473 992 2539 ab
1002 2472 1231 2553 inferioribus,
1240 2494 1341 2561 super

300 2578 410 2645 dubiis
425 2584 460 2645 et
485 2579 624 2655 innotis,
639 2583 751 2664 potest
772 2578 951 2664 aliquando
972 2578 1157 2647 declaratio
1183 2581 1336 2668 reperiri.

301 2685 397 2750 Vnde
405 2685 589 2751 Psalmista
603 2707 609 2748 :
623 2715 637 2739 a
651 2684 840 2751 Declaratio
852 2706 1042 2752 sermonum
1053 2693 1186 2754 tuorum
1197 2686 1257 2754 dat
1265 2707 1342 2776 par·

249 2800 282 2855 to
303 2823 317 2849 ι
331 2791 668 2858 uulisintellectum.n
679 2791 745 2856 Per
754 2793 913 2879 paruulos
923 2813 1015 2871 uero,
1026 2794 1194 2881 dequibus
1203 2793 1340 2862 Ueritas

300 2902 400 2966 dicit:
414 2931 429 2955 a
441 2899 516 2965 Nisi
528 2897 715 2965 effitiamini
732 2905 769 2965 ut
785 2900 958 2986 paruulus.
973 2930 988 2955 υ
1002 2905 1113 2985 potest
1122 2902 1279 2968 similiter
1286 2899 1342 2967 ob-

301 3010 446 3076 scuritas
461 3005 640 3084 declarari,
659 3026 733 3071 cum
748 3007 836 3093 apud
853 3009 955 3073 Deum
970 3029 1037 3074 non
1053 3010 1099 3075 sit
1111 3010 1260 3096 acceptio
1268 3028 1341 3096 per·

300 3137 472 3194 sonarum,
486 3120 636 3183 testante
645 3115 883 3201 Apostolorum
891 3117 1053 3204 principe,
1066 3117 1121 3204 qui
1130 3118 1179 3183 ait
1192 3138 1199 3182 :
1213 3147 1227 3173 ι
1239 3117 1341 3183 Inue·

302 3255 317 3279 a
329 3225 431 3290 ritate
440 3223 585 3310 comperi
593 3221 680 3309 quod
687 3242 907 3308 personarum
916 3230 1146 3310 acceptornon
1154 3231 1207 3290 est
1216 3225 1316 3291 Deus.
1324 3254 1339 3279 ι

300 3332 411 3398 Etiam
418 3351 477 3417 per
487 3329 649 3416 quasdam
665 3332 863 3417 scripturas,
877 3330 951 3417 lege
961 3332 1068 3396 ueteri
1076 3336 1270 3407 annotatas,
1284 3350 1342 3396 no-

300 3438 350 3504 bis
360 3436 531 3504 subtiliter
544 3437 807 3505 demonstratur.
820 3437 906 3502 Nam
923 3438 957 3503 in
971 3440 1222 3505 constructione
1230 3437 1342 3505 taber·

299 3544 409 3610 naculi
422 3545 493 3620 Dei,
510 3564 592 3630 saga
607 3544 741 3610 cilicina
757 3542 988 3610 subtilissimis
1002 3546 1144 3611 cortinis
1160 3544 1342 3610 coniuncta

299 3649 404 3728 luere,
422 3656 456 3717 et
470 3652 505 3715 in
518 3649 621 3715 archa
639 3651 723 3729 Noe,
736 3650 891 3716 immittis
908 3649 1006 3715 belua
1027 3649 1222 3717 exitialibus
1240 3648 1341 3715 undis

296 3760 440 3844 eripitur
459 3778 533 3822 cum
550 3757 685 3823 homine
701 3764 889 3825 mansueto.
909 3758 975 3823 Per
995 3778 1078 3845 saga
1093 3778 1176 3825 uero
1190 3757 1338 3836 cilicina,

243 3870 278 3927 tt
296 3867 449 3932 homines
478 3863 663 3940 rudissimi,
694 3865 842 3930 nundum
865 3863 967 3943 docti,
986 3866 1128 3932 cornicis
1142 3864 1217 3931 duri
1233 3869 1268 3930 et
1282 3883 1341 3931 as-

296 3975 381 4061 peri,
391 3972 609 4049 denotantur,
626 3971 694 4057 qui,
705 3971 796 4038 intra
807 3979 959 4040 sanctam
972 3972 1169 4048 Ecclesiam,
1178 3970 1340 4059 piissimis

296 4081 537 4165 catholicisque
570 4078 783 4156 doctoribus,
816 4080 1098 4166 Sancti-Spiritus
1130 4079 1255 4168 gratia,
1281 4096 1341 4163 per
