2970 5430
716 478 876 551 ÷1tt÷

278 612 363 681 simo
378 609 537 694 uicesimo
563 612 697 689 octauo,
713 605 755 679 ab
781 605 997 677 edificatione
1006 609 1124 697 umpli
1143 609 1322 681 entsdo-

278 737 375 785 mone
390 716 570 788 millesimo
586 715 826 785 trecentesimo
841 714 1099 802 quadragesimo
1122 721 1162 786 et
1184 722 1319 796 οοιιιιο,

278 822 319 889 ab
345 821 434 889 Urbe
462 823 610 889 Romana
629 820 765 888 condita
790 821 969 888 millesimo
991 825 1254 910 septuagesimo,
1279 825 1322 895 ὑ

277 929 475 1015 captiuitste
487 927 681 993 Babilonica
691 928 1146 1014 noningentesimoet-nono,
1160 929 1323 999 stabla„

277 1036 473 1103 carnatione
493 1035 661 1101 dominica
674 1035 912 1108 trecentesimo
936 1039 971 1101 et
992 1033 1243 1114 deditissimo
1259 1037 1321 1105 beo

276 1148 441 1230 tempora,
454 1140 572 1209 beatus
580 1140 769 1218 Ursicinus,
781 1139 1028 1208 nonusabeato
1040 1140 1239 1221 Ssuimnno,
1252 1162 1321 1221 ause,

276 1251 364 1336 cepit
376 1247 680 1336 archipresulatum
696 1245 1061 1321 ecclesieSenonensis.
1073 1242 1321 1336 Temponoillu,

275 1356 355 1423 dum
378 1376 438 1443 per
462 1375 638 1422 assensum
659 1353 877 1420 orientalium
901 1355 1144 1441 episcoporum,
1172 1353 1321 1429 Arriano

276 1465 407 1531 heresis
421 1462 584 1530 aduersus
597 1462 864 1537 ecclesiasticam
879 1459 991 1539 fldem,
1006 1460 1145 1533 fauente
1157 1459 1321 1535 constan«
1362 1502 1366 1512 ,

227 1568 257 1626 ¹⁰
275 1571 327 1637 tio
339 1571 556 1657 imperatore,
571 1568 774 1646 immineret,
788 1567 907 1634 beatus
918 1566 1094 1633 Ursicinus
1107 1567 1251 1655 regebat
1265 1586 1318 1637 sc·

276 1676 413 1751 clesiam
433 1675 671 1754 senonensem,
689 1680 724 1742 et
740 1675 887 1761 reliquos
904 1674 1094 1761 xpistisnos
1120 1675 1322 1748 uicinorum

276 1782 468 1850 luberrimia
489 1782 699 1849 sermonibus
717 1787 752 1849 et
773 1781 1004 1869 prodigiorum
1021 1781 1321 1871 uirtutibuspane·

192 1880 195 1891 '
276 1888 437 1956 minabat.
456 1889 683 1975 Paganorum,
708 1888 824 1955 eodem
848 1893 1010 1975 tempore,
1034 1887 1168 1975 quidam
1186 1889 1322 1977 perbec

274 1995 350 2063 loca
366 1996 550 2064 exitiabilis
566 2015 662 2083 grex,
690 1994 801 2062 adbuc
818 1994 974 2063 inridens
981 1995 1184 2082 xpistianis,
1200 1996 1320 2070 latltar

273 2100 399 2182 batet
365 2107 505 2188 etquos
520 2103 612 2189 xpist
613 2103 709 2169 ianoe
728 2103 763 2167 in
782 2102 912 2169 occulto
937 2100 1132 2177 inueniebat
1157 2102 1322 2177 theodus

272 2208 478 2276 trucidabat
505 2209 762 2295 Xpistiauorum
796 2228 876 2295 crgo
908 2209 1070 2285 salutaris
1099 2209 1320 2303 congregatio

275 2315 342 2380 iam
353 2335 413 2402 per
426 2316 620 2381 uniuersum
634 2313 791 2380 mundum
805 2315 1037 2401 multipliciter
1051 2321 1141 2381 mart
1141 2334 1243 2401 yrum
1254 2335 1320 2382 me·

276 2420 352 2487 ritis
373 2419 618 2492 subcrescebat
638 2422 785 2497 Quorum
802 2440 1010 2508 paganorum
1029 2421 1204 2507 ignauiam
1217 2440 1319 2489 sanc

272 2533 328 2592 tus
344 2526 519 2592 Ursicinus
534 2528 669 2606 enituit,
683 2527 817 2594 orando
827 2528 1003 2594 Dominum
1016 2525 1148 2592 diurnis
1158 2525 1317 2596 afflictio·

219 2632 254 2690 ιθ
273 2632 384 2711 nibus,
397 2639 431 2700 et
443 2634 584 2711 meritis,
600 2637 634 2701 et
644 2633 858 2720 quantnmde
870 2635 919 2699 eis
933 2634 1086 2699 inuenire
1103 2635 1227 2719 potuit,
1242 2632 1320 2723 bap·

273 2737 409 2805 tizando
421 2739 491 2804 suis
504 2739 713 2806 sermonibus
727 2740 919 2826 acquisiuit.
931 2740 1014 2806 Com
1026 2741 1320 2829 autsmapposuis

274 2850 326 2910 set
334 2865 447 2933 pacem
457 2844 542 2912 flnes
551 2867 630 2913 suos
640 2845 831 2913 construxit
839 2838 1083 2913 monasterium
1095 2850 1176 2915 ante
1184 2851 1319 2934 portam

273 2954 424 3023 ciuitatis
432 2955 467 3019 in
477 2954 605 3022 honore
616 2958 810 3021 sanctorum
824 2958 1014 3040 martyrum
1024 2952 1181 3020 Gornasii
1193 2958 1229 3022 et
1239 2953 1320 3023 Pro·

273 3059 390 3138 thasii,
409 3060 465 3126 ubi
475 3061 697 3147 congregauit
707 3058 890 3126 monachos
900 3079 1041 3145 qnorum
1053 3058 1206 3146 regulam
1223 3059 1318 3147 igno.-

273 3185 400 3234 ramus.
414 3167 502 3233 Nam
518 3171 598 3233 ante
614 3167 722 3232 sancti
743 3165 917 3232 Benedicti
932 3170 1065 3252 tempus
1080 3165 1144 3232 boc
1159 3167 1316 3235 noscitur

273 3269 422 3347 affuisse.
435 3272 617 3359 Voluitque
631 3272 750 3339 beatus
776 3262 953 3337 Ursicinus
981 3271 1072 3338 inter
1096 3270 1200 3359 ipsos,
1220 3271 1317 3359 quasi

272 3399 359 3445 unus
383 3400 426 3446 ex
451 3383 545 3468 ipsis,
564 3380 768 3468 regulariter
783 3397 1007 3445 commanere.
1030 3376 1188 3457 Floribus
1209 3376 1318 3467 igitur

272 3485 437 3552 uirtutum
456 3485 534 3552 dum
556 3487 685 3553 luceret
706 3484 793 3551 idem
811 3493 963 3560 sanctus,
982 3484 1071 3550 inxit
1095 3481 1317 3567 Constantius

272 3591 456 3677 imperator
465 3593 638 3679 episcopos
653 3590 877 3658 occidentales
893 3589 934 3656 ad
954 3591 1007 3656 sui
1023 3589 1231 3677 presentiam
1241 3608 1317 3659 con·

220 3710 252 3766 30
272 3699 400 3778 uenire,
418 3705 453 3764 et
468 3697 509 3765 de
518 3699 665 3773 Arriaca
675 3699 788 3766 heresi
798 3703 1027 3767 contractare.
1040 3698 1137 3766 Inter
1145 3716 1232 3784 quoa
1244 3695 1315 3765 fua·

271 3809 352 3872 runt
365 3804 456 3874 beati
471 3805 648 3872 Ursicinus
659 3813 694 3873 et
710 3806 874 3872 Hilarius.
891 3806 955 3880 Qui
971 3803 1150 3876 audientes
1164 3806 1317 3894 imperas.

271 3917 379 3985 torem
403 3932 477 3977 cnm
508 3913 655 3979 arrianis
688 3912 874 3988 hereticum
904 3931 991 3990 esse,
1026 3910 1190 3981 dixerunt
1218 3932 1314 3995 num·

271 4037 371 4104 quam
386 4038 422 4085 se
434 4016 533 4088 fidem
544 4017 747 4087 catholicam
763 4018 905 4096 uiolare,
924 4019 1027 4087 immo
1046 4038 1188 4106 semper·
1201 4019 1316 4095 heresi

270 4125 660 4205 arriunecontrndicera
682 4127 775 4203 Tunc
788 4128 985 4217 imperator,
1001 4129 1083 4215 nost
1094 4125 1314 4208 multonacus
