2970 5430
730 385 947 475 „eos-¹

279 540 516 626 proficiscitur,
527 562 708 628 pacemque
720 543 909 630 composuit
918 556 993 607 eum
1005 540 1212 625 imperatore
1221 535 1322 603 Cone·

277 648 515 734 tantinopolim
536 653 569 714 et
585 669 659 714 cum
680 652 882 737 imperatore
905 647 1102 724 Greeorum,
1124 646 1178 712 ite
1196 650 1239 713 ut
1257 645 1320 733 ipsi

278 752 469 820 Orientales
483 763 653 841 regerent.
664 758 706 823 Et
719 756 867 822 Karolus
882 773 1025 840 magnus
1038 753 1194 830 Romam,
1206 752 1320 819 Iheru·

277 859 381 925 salem
400 880 474 925 cum
490 861 772 940 Occidentalibus,
796 862 957 938 Siciliam,
974 858 1317 946 Apamam-campa·

277 966 381 1043 niam,
404 968 559 1032 Tusciam
587 968 837 1046 Lombardiam,
863 966 1068 1044 Calabriam,
1092 965 1313 1043 Alemanian,

278 1073 502 1140 Thenteniam
516 1079 551 1142 et
566 1076 753 1154 Frentiam,
768 1075 911 1142 retinuit
926 1071 1179 1161 gubernandas.

322 1292 468 1357 Karolus
485 1292 617 1358 rediens
633 1314 653 1358 a
669 1294 891 1370 lherusalem,
910 1293 1051 1358 Romam
1072 1290 1240 1370 usnimi
1256 1308 1308 1355 ue·

278 1397 413 1475 niendo,
432 1398 472 1463 de
494 1419 578 1484 equo
599 1399 641 1464 ad
664 1399 795 1465 miliare
818 1396 992 1464 descendit
1006 1419 1014 1476 ;
1029 1401 1064 1463 et
1086 1395 1190 1483 pedes
1210 1393 1307 1461 eundo

276 1523 336 1588 per
347 1502 476 1580 urbem,
494 1524 609 1569 omnes
624 1504 842 1570 ecelesiarum
855 1509 969 1590 poetes
981 1502 1200 1569 deosculatus
1211 1504 1305 1578 estet

223 1616 256 1672 10
276 1609 425 1675 ecclesiis
439 1610 545 1679 multa
557 1632 697 1678 munera
710 1612 861 1678 donauit.
882 1612 976 1676 Tune
989 1613 1160 1698 potestate
1175 1607 1305 1674 suaiua·

275 1717 409 1782 tissima
424 1717 650 1784 Romanorum
665 1719 794 1785 scelera
806 1706 980 1784 iudicauit.

319 1931 447 1998 Iterato
465 1931 686 2010 iherusalem,
706 1937 740 2000 et
755 1936 881 1999 terram
899 1933 1066 2006 sanctem,
1083 1927 1303 1995 aSarraeenis

274 2042 483 2123 occupatam,
508 2058 581 2103 oum
605 2059 727 2125 magno
752 2039 903 2104 exercitu
927 2020 1098 2102 liberauit.
1126 2035 1304 2102 Reueniene

273 2163 333 2229 per
348 2143 687 2231 Constantinopolim,
710 2144 751 2210 ab
771 2145 975 2230 imperatore
990 2139 1178 2207 honorifice
1195 2139 1304 2227 reeipi-

274 2254 342 2315 tur.
370 2250 511 2328 Aurum,
540 2258 731 2339 argentum,
772 2270 987 2338 gemmasque
1029 2249 1214 2335 pretiosas,
1240 2264 1303 2313 enm

273 2355 389 2421 multis
405 2354 500 2421 donis
516 2358 625 2424 noluit
637 2359 785 2444 recipere
801 2357 842 2422 ab
858 2359 1063 2442 imperatore
1077 2353 1304 2421 Constantino·

273 2460 442 2546 politano;
461 2462 518 2527 sed
532 2469 726 2530 sanctorum
742 2464 856 2549 Xpisti
870 2461 1031 2547 reliquias
1045 2460 1224 2528 humiliter
1237 2478 1304 2547 poe·

273 2565 409 2634 tuiauit.
426 2569 661 2655 promissoque
675 2571 798 2635 ieiunio
816 2575 851 2636 et
867 2566 1092 2644 orationibus,
1107 2567 1304 2654 recepitpor·

271 2673 457 2740 tiunoulam
478 2674 518 2740 de
536 2694 660 2740 corona
675 2676 884 2760 Dominique,
902 2673 979 2738 dum
1010 2672 1118 2758 ipsam
1133 2672 1302 2758 reciperet,

219 2774 255 2831 20
272 2777 400 2858 floruit,
418 2781 451 2844 in
472 2801 573 2846 manu
590 2802 652 2846 sua
674 2781 868 2849 tenentibus
883 2778 1000 2846 multis
1015 2777 1159 2864 prelatis
1180 2784 1217 2845 et
1234 2796 1304 2865 pre·

272 2887 418 2953 ceribus
434 2888 572 2975 Recepit
583 2889 711 2955 clauom
728 2908 829 2953 unum
845 2885 1012 2973 passionis
1028 2884 1175 2965 Domini,
1188 2880 1304 2969 recepit

272 2994 518 3078 portiunculam
546 2996 655 3060 erucis
679 2995 824 3070 Domini,
849 2998 884 3058 et
908 2989 1081 3056 sudarium
1106 2990 1255 3068 Domini,
1276 2990 1305 3055 et

272 3101 445 3164 camisiam
473 3100 569 3167 beate
587 3102 707 3177 Mario,
736 3100 880 3185 uirginis
906 3103 940 3164 et
965 3096 1086 3162 matris
1109 3096 1257 3172 Domini,
1277 3097 1304 3159 et

271 3204 445 3271 brachium
468 3210 577 3273 sancti
599 3207 786 3292 Symeonis.
804 3206 874 3280 Que
896 3204 1020 3280 omnia,
1039 3200 1304 3270 commitantibus

272 3312 387 3380 multis
404 3314 589 3391 miraculis,
607 3333 718 3378 secum
736 3311 871 3378 adtulit.
889 3311 932 3377 Et
951 3309 1159 3395 Aquisgrani
1172 3306 1305 3375 ecclesis

273 3419 526 3497 Sarte-Mario,
565 3440 664 3505 quam
701 3422 961 3495 construxerat,
1002 3414 1195 3483 recondidit
1232 3434 1305 3483 eon·

274 3545 416 3593 seruari.

318 3843 442 3909 Postea
448 3842 677 3910 admonitione
689 3826 844 3931 angelica
856 3842 897 3909 ad
911 3840 1095 3928 Hispanias
1106 3843 1209 3926 perat
1219 3854 1305 3905 exer

273 3952 389 4026 citum,
405 3948 460 4014 ubi
475 3949 616 4014 multum
633 3950 812 4017 laborauit.
829 3949 998 4014 Plurimos
1017 3949 1137 4032 gentes
1149 3943 1194 4010 ad
1208 3942 1305 4029 Xpis·

221 4056 254 4112 30
273 4064 344 4127 tum
357 4058 543 4137 conuertit;
561 4056 685 4124 multas
697 4058 817 4126 habuit
831 4056 992 4125 uictorias
1003 4072 1064 4144 per
1072 4048 1263 4119 Rolandum
1276 4050 1306 4114 et
