2970 5430
703 405 864 462 -ppe-

267 541 484 618 Seuonensis,
503 542 665 606 maiorem
675 541 850 607 ecclesiam
864 541 1292 632 Sancti-stephanirenoua·

267 649 329 731 uit,
344 653 380 716 et
397 653 518 734 quarto
531 647 607 713 idus
624 647 809 714 decembris
824 648 1006 718 dedicauit.

312 754 376 820 Illo
386 759 549 841 tempore,
562 753 884 832 obiitRaimlandus,
894 756 998 824 abbas
1006 758 1289 850 Sancti-Remigii.

313 860 376 927 Illo
396 867 560 948 tempore,
586 861 742 927 dominus
766 862 904 929 Wenilo
931 862 1103 935 dedicauit
1132 866 1291 935 emlmian

269 966 570 1034 Sancte-Columba
596 969 633 1034 in
649 969 777 1035 honore
797 974 914 1036 sancte
930 971 1042 1039 crucis
1056 971 1292 1041 uudeoimola·

269 1073 386 1140 lendes
409 1076 566 1163 augusti,
593 1081 628 1142 et
658 1075 694 1159 in
725 1076 877 1142 crastino
904 1074 1020 1144 leuata
1051 1081 1134 1146 sunt
1168 1098 1293 1167 corpora

269 1183 378 1249 sancti
399 1183 484 1270 Lupi
502 1188 537 1251 et
560 1188 677 1251 sancte
691 1182 851 1251 Columba
866 1202 927 1270 per
940 1182 1095 1251 eumdem
1121 1184 1292 1275 arohmpia·

269 1312 401 1380 copum.
621 1356 623 1360 ,

314 1397 438 1465 Eodem
466 1397 630 1485 te'mpore,
658 1395 744 1464 obiit
768 1395 949 1481 Occradus,
979 1399 1226 1487 corepiscopus,
1252 1402 1293 1467 uir

217 1498 250 1554 ¹⁰
270 1503 464 1583 laudabilis,
481 1509 517 1572 et
530 1506 565 1570 in
578 1503 720 1571 basilica
731 1504 1035 1574 Sancti-Desiderii
1050 1506 1225 1595 sepelitur.

269 1696 273 1707 “
315 1702 465 1771 Perfecit
494 1703 650 1770 dominus
672 1704 810 1771 Weuilo
829 1707 1073 1773 monasterium
1104 1707 1296 1777 Sancti-Ro·

272 1811 366 1898 migii
393 1809 481 1898 apud
512 1810 695 1888 vallerias,
722 1816 758 1878 et
786 1810 959 1879 dedicauit
989 1811 1147 1881 kalendis
1171 1832 1298 1883 nouem·

272 1916 353 2000 bris,
373 1937 500 2004 ponens
521 1917 567 1984 ibi
585 1938 706 2005 corpus
722 1919 832 1986 sancti
855 1917 1044 1998 Valeriani,
1065 1920 1242 2005 martyris.

317 2027 416 2091 Anno
444 2027 577 2092 Domini
615 2026 897 2113 octingentesimo
937 2026 1152 2114 sexagesimo
1182 2026 1300 2114 primo,

273 2133 364 2198 circe
381 2133 602 2221 gallicinium,
617 2139 714 2200 sexto
727 2132 803 2198 idus
824 2133 953 2210 martii,
971 2132 1071 2221 ignee
1093 2132 1186 2199 acies
1209 2150 1303 2221 appa·

273 2246 416 2307 ruerunt
429 2240 465 2305 in
482 2240 565 2306 celo.

316 2347 416 2414 Anno
426 2347 559 2413 Domini
571 2348 852 2435 octingentesimo
864 2348 1218 2436 sexagesimoquinto,
1230 2348 1306 2418 obiit

272 2453 428 2520 dominus
457 2453 589 2532 Genilo,
620 2455 738 2542 quinto
769 2473 876 2520 nonas
908 2455 1011 2534 maii;
1034 2453 1124 2542 apud
1144 2454 1306 2543 Ualleriae

275 2560 448 2648 sepelitur.

218 2717 256 2776 20
546 2721 1039 2808 Decepriollccleeieliomuae.

318 2887 417 2951 Auno
436 2886 569 2952 Domini
584 2887 866 2974 octingentesimo
882 2886 1163 2974 quinquagesimo
1178 2891 1309 2974 quarto,

273 2991 415 3078 quedam
437 2989 564 3058 semina
580 2994 614 3058 in
637 2997 728 3060 etate
743 2992 888 3081 puellari
911 2991 952 3059 de
973 2991 1101 3081 Anglia
1127 2990 1312 3080 aquodam

272 3100 394 3165 clerico
410 3100 445 3164 iu
460 3098 580 3167 habitu
602 3099 692 3165 virili
714 3100 850 3167 Alienis
876 3099 919 3166 ad
941 3097 1090 3167 studium
1115 3097 1220 3166 ducta
1236 3096 1311 3177 luit,

274 3212 309 3273 et
322 3207 416 3273 sicin
429 3207 574 3273 diuersis
591 3207 743 3274 scientiis
759 3205 904 3295 proiecit
918 3211 957 3274 ut
972 3204 1037 3274 sibi
1056 3226 1120 3294 par
1134 3224 1202 3272 non
1216 3204 1315 3273 iuue-

275 3316 419 3382 niretur.
444 3315 570 3381 Postea
594 3314 699 3381 Rome
722 3336 798 3381 cum
821 3334 882 3381 suo
910 3314 1040 3381 amasio
1062 3314 1167 3396 venit,
1189 3318 1227 3383 et
1255 3332 1316 3401 por

273 3427 345 3488 tres
367 3441 487 3499 annos,
505 3435 668 3507 tanquam
685 3423 849 3509 magister
875 3421 1004 3510 legens,
1021 3441 1164 3509 magnos
1186 3420 1316 3509 magia-

272 3535 359 3605 tros,
383 3527 565 3615 discipulos
591 3533 626 3596 et
644 3527 818 3595 auditores
840 3528 971 3597 habuit.
997 3529 1040 3596 Et
1069 3528 1201 3595 cumin
1228 3524 1316 3593 Urbe

274 3630 424 3699 famosus
455 3638 546 3701 esset
578 3635 755 3721 magister,
786 3633 945 3704 defuncto
976 3639 1095 3703 sancto
1121 3630 1317 3701 confessore

273 3738 386 3805 Leone
402 3742 532 3825 quinto,
554 3742 697 3808 ecclesia
712 3742 899 3830 decipitur;
917 3749 952 3812 et
974 3742 1188 3811 concorditer
1201 3741 1239 3808 in
1251 3760 1316 3830 pa·

219 3847 253 3904 30
273 3866 349 3933 pam
372 3847 512 3934 eligitur
535 3854 569 3915 et
593 3847 783 3916 ordinatur.
803 3850 887 3918 Post
912 3870 973 3937 per
997 3871 1095 3917 suum
1111 3848 1316 3917 familiarem

273 3956 518 4040 impregnatur.
536 3955 663 4021 Verum
682 3961 815 4044 tempus
840 3958 1014 4045 ignorans,
1029 3977 1105 4025 cnm
1121 3953 1163 4021 de
1176 3954 1317 4023 Sancto·

272 4063 375 4134 Petro
395 4062 437 4135 ad
462 4061 829 4163 Sanctum-Iohannem
848 4063 1006 4134 tenderet
1027 4062 1201 4155 augustia,
1222 4060 1315 4136 inter
