2918 5046
723 438 884 497 ..402-

266 572 356 637 vices
368 590 447 637 suas
460 570 495 636 iu
508 568 736 636 eeclesiastico
755 564 863 634 officio
877 567 1092 656 adimpleret.
1107 564 1281 637 carduum

266 697 360 755 uero,
377 676 455 744 dum
481 674 680 743 infirmitate
706 675 850 755 iacebat,
877 675 1040 744 dixerunt
1052 696 1130 743 eum
1145 692 1281 743 nouem

265 783 403 871 dignum
431 783 604 871 sepultura
626 781 737 869 papali
762 782 852 869 quin,
877 787 917 850 ut
941 782 1115 863 dicebaut,
1136 780 1280 851 umido

264 896 351 959 erat.
370 890 496 967 Quibus
511 889 648 965 auditis,
667 909 754 976 papa
772 888 924 956 indicens
942 888 1028 957 illud
1047 888 1136 977 quod
1149 884 1278 957 mdiu

264 1001 444 1088 imperauit
458 996 688 1065 sacerdotibus
700 998 757 1084 qui
769 1018 806 1063 se
820 1017 887 1065 nou
898 996 1114 1086 opponebant
1127 994 1277 1087 protom

264 1106 383 1186 lsrael,
409 1107 516 1174 dicit:
536 1135 552 1162 α
570 1105 651 1172 Cum
672 1110 826 1173 mortuus
849 1124 921 1184 eno,
940 1124 1063 1193 corpus
1090 1122 1197 1171 menn
1215 1106 1275 1169 nn

265 1214 354 1281 fores
378 1215 517 1281 ecclesie
539 1213 764 1280 Sancti-Petri
792 1212 915 1291 sistite,
942 1216 978 1279 et
1001 1213 1126 1279 ianuae
1152 1210 1274 1279 erue

261 1319 412 1387 uectibus
428 1318 615 1384 obfirmate.
634 1318 668 1385 Si
693 1324 808 1405 aperte
825 1316 941 1385 diuina
955 1318 1134 1387 uoluntnte
1150 1316 1271 1391 meunt

262 1425 306 1491 ibi
327 1446 379 1491 me
395 1426 524 1493 tumulo
541 1427 714 1512 imponite.
726 1426 884 1512 Alioquin
900 1424 1036 1513 quidde
1055 1446 1109 1493 me
1122 1422 1271 1493 uoluen'tlu

209 1544 243 1601 10
263 1529 409 1598 faciatis.
429 1562 443 1589 u
457 1532 550 1608 Quod
566 1537 600 1598 et
622 1534 671 1598 sic
687 1531 812 1600 lactum
831 1540 895 1601 est.
912 1534 1000 1599 Nam
1025 1540 1124 1621 porte
1137 1532 1271 1601 cunno

260 1638 393 1704 firmate
416 1638 534 1704 diuina
560 1630 735 1707 uoluntate
750 1646 877 1727 apertae
891 1646 984 1719 sunt,
1006 1644 1043 1709 et
1059 1660 1179 1729 eorpus
1191 1656 1267 1705 euno·

260 1751 331 1811 tum
349 1744 512 1811 diuinitus
536 1744 579 1810 ad
605 1746 768 1831 parietem
801 1747 835 1811 iu
862 1746 1004 1814 ecclesia
1026 1746 1268 1836 deportata&

260 1851 305 1917 ibi
323 1857 361 1919 ut
372 1858 510 1919 sanetus
522 1853 723 1920 tumulatur.
740 1850 831 1921 Obiit
846 1872 935 1921 anno
960 1852 1096 1921 Domini
1120 1848 1267 1921 multum

259 1960 422 2047 vigesimo
437 1966 572 2027 octauo.
1306 1950 1308 2013 l

546 2600 566 2667 1
569 2612 676 2668 terum
691 2601 732 2667 de
744 2598 997 2687 contemtione.

302 2829 429 2895 Iterum
442 2822 661 2890 deClemonte
676 2820 724 2888 Il.
737 2814 1019 2885 -l'heutonicus
1028 2812 1106 2883 suit.
1118 2806 1260 2925 AuuoDu·

256 2936 338 3001 mini
363 2930 540 2999 millesimo
565 2927 726 2993 vicesimo
746 2932 878 2993 octauo.
906 2920 1001 2990 Sedit
1030 2921 1136 2989 Rome
1163 2920 1258 2985 meus·

255 3040 318 3106 bus
332 3058 452 3106 nouom
467 3042 501 3103 et
515 3034 641 3100 decem.
658 3035 721 3101 llio
733 3034 798 3102 fuit
813 3028 1124 3099 inunsorEooleeie.
1136 3016 1258 3097 (lentuli

256 3147 353 3215 sedes
369 3144 485 3213 diebus
499 3144 641 3231 vigenti.
712 3186 715 3191 -

204 3378 240 3434 ‘lo
448 3360 500 3427 Do
520 3358 673 3427 Cornrcto
694 3368 726 3424 et
746 3354 819 3423 cua
833 3364 865 3422 et
883 3350 1033 3421 ilenrico
1045 3347 1100 3419 11.

303 3579 466 3645 Defuncto
481 3583 600 3644 sancto
619 3573 765 3639 Henrioo
781 3572 810 3650 l,
826 3568 1027 3637 Conardusl
1050 3546 1259 3655 imperanti·

258 3686 347 3753 conti
363 3685 462 3750 annuis
476 3707 483 3763 ;
505 3692 540 3750 ot
552 3682 689 3748 uacauit
704 3698 846 3767 regnum
860 3676 971 3745 tribus
986 3674 1099 3743 annis.
1122 3652 1259 3741 intend·

257 3802 312 3862 tas
326 3794 419 3881 leges
435 3790 596 3859 condidit.

302 3903 401 3967 Anno
434 3898 566 3965 Domini
598 3894 776 3962 millesimo
809 3890 994 3971 vicesimo,
1023 3886 1173 3956 dominu!
1198 3872 1256 3941 ω*

257 4008 390 4087 nundus,
408 4028 470 4073 rex
484 4003 728 4092 xpianissimus
742 3998 784 4065 de
798 3996 1033 4065 illustrissimo
1046 4010 1164 4083 genere
1174 3982 1256 4053 ΡΝ·

255 4138 383 4196 oorum,
401 4116 586 4201 imperator
601 4109 678 4190 fuit,
694 4106 853 4175 defuncto
866 4108 988 4173 suneto
1007 4100 1151 4171 Dourion
1171 4082 1255 4161 101'1‘
