2918 5046
701 452 860 507 ..401-

261 579 389 646 liberis.
417 579 533 646 Dictus
552 576 753 658 Corrardus,
770 578 849 646 dum
873 580 1005 647 uiueret
1019 582 1161 649 sanctus
1177 578 1286 647 Hemi-

263 717 333 774 cus,
351 696 497 784 gratiam
521 694 627 782 ipsius
652 695 789 761 Henrici
811 716 878 761 non
906 694 1065 775 habebat,
1087 694 1238 783 quamuis
1249 692 1284 761 dc

263 823 385 889 genere
401 823 461 868 suo
487 806 590 868 esset.
617 800 704 866 Nam
725 800 926 880 Corrardus,
951 806 1072 869 contra
1086 800 1283 869 voluptutem

263 910 412 987 Henrici,
426 907 605 995 quamdam
620 908 729 973 Gilam
745 907 988 975 nobilissimam
1003 908 1152 977 duxerat
1163 909 1198 975 iu
1208 926 1283 975 uxo-

262 1040 346 1097 rem,
362 1038 425 1104 que
443 1015 484 1083 de
499 1035 621 1104 genere
636 1015 755 1082 Karoli
775 1016 888 1104 magni
909 1014 1147 1093 descenderat,
1164 1020 1200 1085 et
1219 1018 1282 1085 crat

262 1125 303 1191 do
317 1144 439 1212 genere
451 1121 604 1201 Corardi,
622 1123 739 1188 nonin
754 1121 863 1210 gradu
878 1123 1062 1212 prohibito.
1081 1124 1170 1191 Nam
1196 1140 1282 1211 super

262 1232 326 1300 hoc
344 1229 531 1298 Corrardus
556 1229 727 1296 dominum
748 1251 867 1318 papam
894 1230 1090 1301 consuleret
1114 1236 1280 1321 antequam

262 1338 369 1426 ipsam
382 1338 578 1425 accepisset.
605 1338 678 1403 Ista
702 1336 779 1403 Gila
793 1336 1019 1424 pulcherrima
1038 1343 1074 1408 et
1097 1338 1279 1427 prudentis·

262 1447 348 1512 sima
363 1445 482 1513 relicta
495 1450 571 1512 erat
581 1442 728 1510 defuncti
740 1444 919 1533 Arnulphi,
934 1444 1029 1514 ducis
1043 1446 1280 1527 Sucrioruru,at

212 1563 245 1620 10
262 1575 305 1619 ex
317 1554 389 1641 ipso
403 1552 549 1620 habebat
572 1552 656 1618 duos
677 1551 763 1617 lilios
779 1552 968 1621 Honestum
991 1559 1028 1621 et
1050 1554 1276 1623 Hermunduri.

262 1659 374 1746 Ipsam
398 1657 585 1725 Corrardus
602 1677 701 1744 quarn
721 1657 900 1745 plurimam
922 1657 1109 1747 diligebat:
1127 1680 1189 1727 nec
1202 1658 1276 1735 min',

262 1785 340 1832 nam
356 1785 377 1831 a
393 1766 460 1831 Deo
482 1770 517 1831 et
540 1763 730 1831 hominibus
745 1765 936 1833 amabatur.
950 1766 1047 1843 Erat,
1066 1771 1106 1837 ut
1129 1766 1277 1835 Ponam

262 1878 421 1951 testatur,
450 1872 709 1960 speciosissima,
739 1872 919 1940 laudabilis
947 1878 983 1943 et
1020 1873 1183 1957 formosa,
1212 1892 1277 1963 arga

262 2001 378 2048 omnes
393 1980 560 2058 amabilis,
577 1978 771 2067 specialiter
791 2000 873 2067 erga
889 2000 1056 2069 pauperes
1069 1983 1126 2070 qui
1143 1982 1184 2051 da
1204 1978 1277 2049 noli·

261 2087 348 2153 libus
361 2085 617 2164 descenderant,
633 2085 730 2152 bonis
753 2087 903 2154 moribus
918 2088 1140 2177 operibusque
1154 2088 1274 2157 imm

261 2192 430 2259 Corardus
457 2213 538 2259 uero
565 2198 640 2260 erat
663 2194 768 2259 armis
798 2197 1067 2276 strenuissimus,
1095 2196 1193 2265 valde
1211 2194 1276 2263 leuc

261 2299 445 2383 litteratus,
464 2300 604 2365 consilio
622 2299 800 2366 laudabilis
823 2307 858 2369 et
872 2302 1032 2390 prudens,
1049 2300 1276 2393 septennale

260 2426 351 2484 rens,
366 2407 494 2493 peritus
509 2408 545 2471 in
560 2407 633 2472 iuro
649 2407 740 2473 ciuili
755 2412 790 2475 et
804 2410 978 2489 canonico,
1003 2411 1149 2495 iuuenis,
1175 2408 1279 2499 specio

260 2534 318 2578 sus
331 2518 366 2580 et
378 2511 636 2600 pulcherrimus,
654 2518 688 2581 et
708 2514 743 2579 in
764 2514 928 2603 religione
944 2518 1119 2605 xpistiuna
1139 2512 1278 2585 fidelissi·

209 2630 244 2690 20
260 2640 334 2684 mus
349 2624 384 2685 et
412 2618 554 2685 deuotus
574 2618 714 2685 consilio
738 2620 876 2687 Henrici
898 2620 1023 2701 claudi,
1048 2618 1278 2711 predecessorii

259 2732 324 2809 sui,
341 2729 496 2816 quamuis
516 2730 661 2816 gratiam
678 2750 773 2795 suam
800 2751 868 2797 non
883 2731 1036 2801 haberet.
1061 2734 1189 2801 Tamen
1202 2730 1278 2799 llu-

258 2838 361 2915 ricus,
377 2838 488 2903 sciens
503 2838 611 2924 ipsum
627 2838 789 2924 optimum
812 2844 847 2907 et
871 2838 1002 2919 utilem,
1022 2837 1088 2908 luit
1112 2830 1277 2909 clectw

258 2945 413 3013 omnibus
425 2944 535 3011 adhuc
547 2944 694 3012 Henrico
710 2947 858 3013 uiuente.
1242 2946 1245 2951 ’

303 3274 373 3341 Iste
388 3269 576 3339 Corrardus
594 3266 679 3333 nulli
696 3266 854 3335 uiolatori
874 3267 980 3354 pacis,
1001 3264 1153 3355 nullique
1172 3258 1278 3336 nunni

259 3379 430 3468 parcebat.
448 3375 545 3443 Vnde
574 3373 672 3440 multi
695 3374 840 3441 scientes
857 3372 1112 3461 promotosuml
1130 3392 1223 3443 suam
1236 3368 1279 3439 lu·

261 3490 396 3575 gerunt.
413 3484 516 3571 Fugit
539 3482 642 3548 etiam
666 3498 777 3546 comes
794 3479 955 3567 Inpodus,
972 3478 1122 3549 uiolator
1140 3474 1278 3570 paetum

261 3592 381 3659 siluam
396 3611 470 3657 cum
483 3608 588 3656 uxore
601 3606 683 3667 sua;
698 3590 732 3653 et
748 3585 793 3651 ibi
811 3584 891 3653 lecit
902 3585 1148 3655 habitaculum.
1161 3582 1279 3655 contu

260 3704 312 3790 git
337 3705 447 3766 autom
475 3699 712 3785 imperatorem
739 3693 945 3760 Corrardum
967 3712 1072 3761 causa
1104 3686 1279 3763 ueneficiis

259 3810 329 3876 illic
343 3807 522 3873 diuertisse
545 3809 579 3872 et
600 3824 678 3870 suos
694 3821 810 3869 omnes
824 3800 1023 3889 perdidisse,
1038 3806 1075 3871 et
1094 3796 1279 3871 nummulo

207 3931 243 3991 30
259 3918 369 3985 noctis
383 3915 492 4002 ipsum
512 3911 618 3978 solum
635 3930 678 3977 ex
692 3928 754 3975 sua
771 3906 901 3975 familia
915 3907 961 3975 ibi
975 3914 1204 3997 pernoctasse.
1222 3904 1278 3975 m·

258 4025 399 4110 demque
413 4026 523 4098 nocte,
541 4038 626 4086 vxor
648 4016 783 4084 comitis
802 4016 859 4102 qui
875 4034 896 4083 a
910 4013 996 4083 facie
1009 4014 1222 4107 imperaturis
1238 4006 1276 4079 lu·

259 4138 357 4221 gerat
387 4128 519 4218 peperit
551 4124 669 4192 illium.
703 4122 775 4198 Quo
809 4120 880 4189 lilio
907 4122 1080 4211 uugicute,
1107 4122 1274 4215 imperator
