2970 5430
720 496 756 511 -
774 468 881 525 5θὲ-

278 594 363 660 tiam
387 593 525 671 Reneri,
549 594 717 681 capitanei
745 593 847 661 Urbis
873 590 1326 674 suessonensium

278 705 427 768 castrum
455 700 573 787 plebis,
600 707 635 770 et
660 701 707 768 ibi
734 702 862 769 mansit
883 722 989 789 usque
1017 702 1065 769 ud
1097 698 1328 771 lestumbsati

278 806 456 873 Michaelis
481 805 610 875 adesto
636 807 726 875 beati
752 807 1111 897 Iohannis-Baptista.
1142 804 1326 877 Dehisce!

278 914 474 980 Perrusium
498 934 535 980 se
567 915 758 992 transtulit,
788 914 844 981 ubi
872 918 1062 983 cumomni
1083 916 1328 983 rsuemntisd

278 1018 406 1087 honore
420 1041 441 1086 a
456 1021 649 1087 Perrusiuis
659 1027 814 1109 recaptus
830 1022 908 1103 luit,
927 1022 1168 1113 gaudentibus
1180 1022 1326 1091 omnibu

279 1126 485 1195 Perrusinis.

322 1236 386 1302 Illo
406 1241 569 1323 tempore,
589 1234 818 1302 nobilissimus
833 1238 900 1313 uir,
921 1256 1034 1305 comes
1049 1236 1096 1305 de
1116 1236 1324 1327 laingniaco,

276 1342 421 1410 bellator
437 1348 597 1411 strenuus
611 1362 705 1422 suus,
719 1348 853 1411 amator
877 1342 1040 1423 Ecclesia,
1064 1342 1280 1433 quibusdam
1290 1340 1324 1409 dr

276 1456 347 1521 suis
359 1455 660 1533 malelatientibus,
678 1476 738 1542 per
753 1454 936 1523 Urbinates
950 1455 1203 1527 fraudulenter
1226 1458 1320 1525 int·

226 1564 257 1620 ¹⁰
276 1562 385 1629 lectus
411 1568 476 1630 est.
504 1564 592 1630 Nam
626 1562 809 1631 Urbinates
824 1562 941 1630 foueas
957 1558 1140 1645 secunaum
1158 1564 1198 1631 in
1213 1560 1331 1651 quib-'-

276 1667 383 1735 loueis
407 1670 574 1755 coopertis
602 1674 753 1736 terrast
780 1667 909 1748 sabulo,
934 1668 1034 1737 multi
1051 1670 1188 1737 Franci
1203 1666 1320 1737 nobil!

275 1775 481 1855 ceciderunt,
493 1795 576 1862 quos
590 1774 716 1862 absque
732 1773 851 1843 fraude
866 1774 1000 1843 deuinci
1016 1793 1088 1844 non
1102 1780 1283 1865 poterant.

319 1991 382 2058 Illo
396 1995 560 2078 tempore,
578 1992 731 2058 Renerus
746 1989 788 2055 de
802 1988 893 2057 Urbe
906 1992 1028 2070 ueteri,
1049 1990 1240 2059 Gibslinus
1254 2008 1319 2059 en

275 2099 534 2177 sulsGibelinis,
552 2102 586 2165 et
608 2099 679 2163 suis
693 2096 785 2176 filiis,
807 2117 867 2185 per
890 2096 1066 2185 Vuelphos
1087 2102 1129 2167 at
1158 2098 1321 2167 adium

274 2205 401 2273 domini
414 2206 579 2272 Guidonis
590 2205 631 2271 de
645 2206 859 2285 Montelorti‚
871 2204 1024 2273 deuictus
1034 2210 1101 2289 est,
1115 2206 1321 2275 causiacus.

320 2312 383 2377 Illo
399 2317 561 2399 tempore,
582 2331 644 2377 rex
656 2310 769 2377 Sicilie
785 2311 946 2391 Karolus,
960 2310 1122 2379 omuibus
1134 2310 1227 2381 bene
1237 2310 1323 2381 orili-

275 2421 379 2498 natis‚
398 2420 621 2487 sacramentis
638 2418 877 2487 ecclesiasticis
890 2420 1069 2508 susceptis,
1095 2420 1155 2489 die
1183 2420 1323 2511 septus

276 2527 402 2591 mensis
430 2526 589 2607 ianuarii,
627 2527 681 2593 die
706 2526 864 2596 uidelicet
890 2528 1081 2609 dominica,
1112 2530 1152 2597 in
1185 2530 1322 2599 Dentur

276 2634 455 2718 requieuit.
482 2636 552 2701 Iste
576 2654 637 2701 rex
665 2633 812 2702 habebat
834 2635 870 2699 in
900 2655 1040 2703 uxorem
1070 2634 1321 2705 nobilissima!

220 2752 255 2810 20
275 2741 481 2807 comitissam
508 2739 775 2807 Ternodorensis
790 2742 908 2819 castri,
931 2762 1031 2828 quam
1047 2750 1239 2831 acceparat
1251 2748 1321 2833 port

274 2853 417 2916 mortem
442 2850 614 2917 comitisse
635 2850 811 2916 Prouintie
839 2850 959 2917 matris
986 2846 1138 2939 [Karoli]
1172 2848 1320 2919 scmudi

274 2955 357 3021 Post
371 2954 434 3020 hec
447 2954 603 3021 dominus
614 2976 701 3042 papa
711 2956 882 3023 Martinus
891 2955 1011 3043 lugens
1021 2952 1321 3027 uehementissimi

272 3061 397 3150 prelati
421 3066 512 3151 regis
535 3071 688 3146 mortem,
707 3062 965 3151 celebratisque
996 3082 1058 3149 pro
1086 3064 1166 3151 ipso
1197 3064 1316 3141 missi.

272 3171 314 3236 de
329 3190 490 3236 succursu
506 3172 558 3236 sui
572 3168 633 3235 filii
657 3169 776 3235 Karoli
803 3168 954 3246 secundi,
979 3170 1070 3257 regis
1089 3168 1226 3251 Sicilie,
1252 3186 1317 3237 en

273 3278 502 3345 cardinalibus
517 3277 701 3353 ordinauit,
719 3283 755 3343 et
766 3276 1004 3345 Attrabaconsi
1018 3274 1176 3345 Robusto
1197 3278 1315 3363 comiti,

273 3386 511 3453 strenuissimo
529 3384 642 3463 militi,
665 3404 725 3471 pro
746 3404 825 3470 rege
839 3382 952 3449 Sicilie
967 3382 1152 3463 laboranti,
1180 3384 1314 3455 multu

272 3491 468 3578 obsequium
495 3489 729 3577 impendendo,
759 3495 798 3555 ut
828 3488 946 3557 dicunt
969 3487 1122 3575 quidam,
1156 3506 1313 3557 summan

272 3600 411 3686 pecunie
436 3598 594 3665 uidelicet
617 3602 752 3664 eentum
778 3597 874 3663 milia
897 3594 1061 3663 librarum
1081 3598 1312 3667 turonensis·

273 3705 472 3784 destinauit,
503 3705 683 3772 intendens
707 3707 741 3771 in
755 3706 908 3792 proximo
927 3724 989 3792 pro
1003 3702 1138 3771 uiribus
1155 3704 1312 3775 Karoia

220 3812 253 3868 30
273 3810 467 3890 secundum,
485 3810 730 3899 regemSicilie,
745 3810 901 3876 liberare.
919 3808 984 3877 Sed
995 3816 1215 3897 parumpost,
1226 3808 1315 3879 nib

272 3920 352 3985 licet
366 3920 400 3984 ln
428 3918 482 3984 dre
507 3919 652 3997 Pascha,
669 3938 733 4004 que
754 3924 836 3985 tunc
863 3916 929 3985 fuit
951 3916 1006 3983 die
1032 3916 1311 3987 ennuntiatione

272 4025 450 4105 dominice,
480 4030 657 4113 postquem
677 4025 862 4091 celebrauit
882 4022 1017 4092 solitam
1039 4022 1311 4101 celebrationes.

273 4136 327 4203 uel
341 4135 560 4205 refectionem
581 4154 657 4201 oum
674 4134 746 4203 suis
758 4132 954 4221 capellanis
980 4132 1140 4219 sumpsit,
1167 4130 1312 4203 murbn
