2918 5046
644 506 795 565 „390-

270 732 314 797 De
327 730 494 801 Ludouicc
505 730 649 811 remim
663 732 705 797 de
712 730 870 817 prioratu
882 731 973 801 dicto
991 730 1173 801 Hericurt.

248 926 372 993 Eodem
403 932 566 1016 tempore,
604 929 808 1007 Ludouicus,
847 950 960 997 comes
983 930 1238 1007 Alemuuurum,

201 1035 367 1101 orationis
383 1056 486 1103 causa
494 1036 666 1124 proiectus
679 1044 732 1105 est
745 1037 787 1103 ad
800 1034 1243 1104 Sanctum-Michaelemde·

201 1141 368 1209 Periculo.
387 1145 532 1210 Rediens
556 1145 712 1231 peruenit
737 1142 890 1225 Sencuis,
913 1142 1026 1228 ibique
1050 1138 1241 1207 infirmatus

202 1246 243 1313 ad
260 1250 521 1316 succurrendum
541 1249 650 1317 factus
676 1256 730 1317 est
747 1250 931 1317 monachus
948 1246 1184 1316 Sancti-Petri
1208 1249 1242 1313 ol

202 1353 297 1421 obiit.
319 1355 416 1424 Dedit
429 1356 603 1423 monachis
616 1356 732 1423 uillam
750 1376 813 1443 que
826 1356 951 1426 dicitur
967 1354 1143 1421 Hericurt.

365 1618 409 1680 De
429 1615 570 1699 quodum
589 1614 752 1685 miraculo
763 1615 875 1683 tancti
885 1614 1076 1681 Sanclrum'.

248 1839 311 1903 lllo
331 1844 494 1927 tempore,
509 1839 617 1907 iactus
632 1847 685 1908 est
699 1861 843 1929 mugnus
854 1846 1042 1907 conuentus
1052 1840 1088 1905 in
1106 1838 1241 1925 dyocesi

204 1947 493 2012 Autissiodorensi
516 1948 551 2011 in
580 1948 674 2024 uilla,
697 1970 760 2033 que
777 1948 901 2013 :iriaca
927 1950 1084 2023 uocatur,
1112 1966 1135 2011 a
1164 1944 1243 2011 Leo·

149 2062 181 2119 1⁰
202 2056 333 2121 iberico
343 2056 606 2142 archiepiscopo,
620 2056 712 2120 iussu
725 2056 815 2141 regis
833 2053 993 2131 Roberti;
1010 2051 1124 2139 ibique
1134 2050 1244 2118 delate

203 2169 282 2230 sunt
299 2163 481 2229 multorum
503 2170 697 2227 sauctorum
719 2168 752 2229 et
769 2168 964 2227 sanctarum
988 2158 1132 2244 reliquie
1154 2158 1244 2225 iuter

202 2289 286 2354 quas
299 2268 339 2334 de
357 2270 563 2335 monasterio
575 2268 907 2335 Sancti-Petri-l'iui
924 2265 1074 2332 delutum
1094 2263 1161 2333 suit
1174 2282 1245 2331 cor-

203 2395 264 2461 pus
286 2375 593 2460 sancti,Sanctiani.
614 2376 656 2441 Et
674 2374 760 2460 quod
776 2374 929 2440 mirabile
946 2377 1011 2451 est,
1037 2371 1117 2439 dum
1135 2369 1244 2438 serre-

203 2488 298 2547 retur
313 2501 371 2567 per
392 2482 496 2559 uiam,
514 2480 766 2548 imminentibus
787 2482 934 2547 noctium
957 2478 1122 2557 tenebris,
1144 2496 1243 2567 super

203 2587 269 2653 duo
282 2589 395 2674 capita
405 2588 534 2664 scrinii,
546 2589 579 2651 iu
592 2609 657 2673 quo
665 2596 741 2655 erut
751 2608 884 2653 sacrum
897 2606 1031 2673 corpus,
1041 2584 1108 2653 duo
1118 2583 1244 2674 preclu-

204 2695 341 2760 rissima
360 2693 484 2779 sydera
496 2714 612 2759 omnes
625 2695 734 2760 tocius
748 2694 857 2759 noctis
877 2692 1037 2759 tenebras
1052 2712 1115 2759 suo
1130 2690 1244 2779 splen·

204 2801 285 2867 dore
313 2802 510 2888 superantia
538 2802 759 2867 emicuerunt.
794 2796 902 2867 Erant
933 2797 1098 2887 siquidem
1118 2796 1243 2865 occulis

205 2910 377 2976 hominum
397 2909 555 2985 visibilia,
574 2908 632 2973 sed
648 2914 741 2975 tactu
764 2907 1006 2994 iupalmabiliu.
1035 2906 1086 2973 lbi
1102 2904 1169 2973 fuit
1184 2922 1243 2971 rex

207 3016 387 3093 liebertus,
429 3016 648 3083 Leothericus
679 3016 952 3102 archiepiscopus
978 3012 1148 3081 etmulti
1185 3010 1241 3079 ulii

151 3130 186 3185 ‘io
206 3124 448 3209 archiepiscopi
477 3129 512 3190 ct
539 3124 690 3189 allicias.
724 3124 767 3189 ut
788 3130 870 3190 tunc
906 3123 1075 3211 dispositu
1109 3120 1243 3189 fuerunt

205 3230 312 3297 mults
323 3229 365 3295 ad
379 3230 561 3297 utilitatem
580 3229 726 3294 Ecclesie
744 3228 922 3315 gallicane.

445 3742 488 3805 lle
503 3741 637 3806 rioribus
650 3752 857 3810 mortuorum
869 3738 1006 3807 creditis.

253 3966 315 4031 llis
337 3964 557 4051 temporibus.
587 3986 687 4049 quum
717 3965 859 4053 plurime
886 3984 985 4032 uoces
1012 3962 1240 4031 defunctorum

207 4072 321 4141 audite
351 4072 488 4139 luerunt
523 4073 614 4138 circa
644 4074 885 4139 monasterium
915 4068 1239 4143 Sancti-Petriviui.

208 4202 273 4249 uun
285 4181 392 4247 solum
409 4202 430 4247 a
450 4180 636 4257 monachis,
654 4181 712 4246 sed
724 4204 745 4249 a
759 4182 864 4249 multo
878 4180 1013 4271 populo,
1027 4186 1063 4249 et
1076 4180 1240 4252 intellecto
