2970 5430
723 463 863 520 40-

283 596 468 664 Senonensi
482 593 744 678 archiepiscope,
764 590 866 668 sacta,
879 590 1049 677 predictus
1063 598 1200 658 sanctus
1212 593 1324 677 panis,

282 707 318 769 in
345 703 470 768 scrinio
498 704 672 785 argenteo,
701 718 776 763 cum
802 699 879 763 aliis
896 699 1060 784 reliquiis,
1086 704 1140 767 est
1164 700 1326 775 inuentus

282 830 357 876 cnm
370 805 709 895 superscriptionibus
729 804 848 890 quibus
871 804 954 870 fides
972 812 1047 872 erat
1068 806 1200 893 plenius
1224 805 1326 872 adhi-

282 916 402 983 benda.
429 915 591 982 Similiter
612 912 728 978 dicunt
748 911 893 996 quidem,
917 912 1004 997 quod
1029 915 1064 978 in
1082 914 1201 980 maiori
1216 913 1325 980 Seno-
1364 939 1367 943 <

281 1024 378 1089 nansi
404 1022 557 1098 ecclesia,
590 1024 670 1085 sunt
696 1019 836 1104 reliquie
863 1019 903 1084 de
930 1022 1063 1105 parmis,
1096 1041 1171 1087 cum
1202 1020 1322 1107 quibus

280 1131 380 1198 beata
391 1131 514 1207 Maria,
524 1130 622 1214 uirgo
636 1133 671 1193 et
686 1132 807 1202 mater,
822 1128 999 1192 Dominum
1014 1127 1149 1193 lhesum
1162 1128 1319 1204 inuoluit,

280 1245 314 1307 et
329 1238 374 1304 ibi
387 1237 570 1304 honorifice
583 1240 841 1302 conseruantur.

324 1344 550 1410 Reuertemur
579 1363 667 1407 nnnc
702 1341 744 1407 ad
780 1347 971 1428 presentem
1005 1344 1174 1409 cronicam
1211 1363 1321 1430 perse·

277 1450 455 1536 quendam.
480 1453 527 1516 De
544 1449 774 1534 reliquiisque
798 1448 939 1513 Senonis
957 1451 1176 1517 continentur
1200 1448 1320 1516 subse·

226 1563 431 1642 loquenten,
457 1557 530 1622 loco
555 1559 590 1620 et
608 1561 770 1643 tempore,
792 1554 972 1622 ueritatem
998 1554 1185 1641 plenariam
1209 1553 1318 1622 decla-

278 1663 397 1729 raudo,

279 1875 329 1942 De
350 1875 500 1960 passione
518 1886 550 1940 et
574 1874 816 1940 resurrectione
835 1872 955 1959 Xpisli
973 1886 1005 1942 et
1030 1875 1070 1941 dc
1090 1874 1155 1941 biis
1168 1875 1228 1961 qui
1240 1885 1316 1941 lum

677 1992 912 2048 surrexerunt.

320 2203 419 2268 Anno
433 2200 475 2267 ab
489 2200 726 2266 lncarnatione
742 2199 874 2264 Domini
889 2199 1011 2277 xxxiii,
1027 2198 1112 2264 feria
1125 2203 1236 2276 sexta,
1254 2200 1316 2265 sub

277 2309 399 2375 Pontio
419 2309 544 2385 Pilato,
573 2306 754 2372 crucifixus
778 2310 831 2371 est
856 2305 976 2369 Ihesus
1003 2305 1161 2371 Saloator
1183 2304 1313 2382 mundi,
1363 2326 1364 2330 ¹

275 2413 366 2479 illius
391 2415 450 2478 Dei
477 2413 560 2490 uiui,
585 2432 628 2477 ex
655 2413 767 2477 Maria
787 2412 933 2498 uirgine,
965 2416 1166 2497 cooperante
1187 2413 1315 2498 Spiritu

277 2525 407 2597 sancto,
419 2524 532 2597 natus,
549 2524 587 2585 ut
602 2518 745 2605 predixi,
760 2524 911 2604 tempore
926 2519 1062 2604 Tyberii
1086 2521 1313 2605 imperatoris.

278 2630 320 2695 Et
333 2628 593 2694 obscuratusest
605 2626 668 2702 sol,
688 2626 746 2690 illa
762 2624 827 2703 die,
844 2631 878 2692 et
890 2626 1027 2691 tenebre
1049 2626 1137 2694 facte
1151 2633 1242 2707 sunt,
1257 2647 1317 2714 per

276 2735 471 2798 uniuersum
488 2731 665 2811 mundnm;
680 2731 807 2818 lapides
825 2734 928 2797 scisse
942 2737 1034 2810 sunt,
1050 2739 1084 2799 et
1100 2734 1211 2799 uelum
1227 2739 1316 2800 tem-

223 2844 258 2902 ‘20
277 2841 341 2927 pli;
355 2846 388 2907 et
402 2845 493 2907 terre
507 2844 617 2906 motus
634 2839 744 2906 factus
756 2845 809 2906 est
825 2861 980 2925 magnus,
997 2860 1062 2905 non
1080 2842 1152 2905 sine
1168 2842 1316 2906 maxima

164 2931 167 2936 ⁵
277 2947 500 3013 admiratione
515 2947 662 3011 omnium
675 2947 859 3012 hominum.
875 2949 929 3024 Et,
946 2949 1002 3033 qui
1014 2953 1188 3034 presentes
1202 2953 1313 3024 erant,

277 3053 451 3119 dicebant:
481 3082 495 3108 n
513 3053 600 3117 Vere
624 3051 713 3117 filius
730 3053 789 3118 Dei
811 3058 886 3119 erat
902 3054 978 3120 iste.
994 3084 1008 3109 u
1026 3054 1065 3118 ln
1081 3055 1221 3120 remotis
1234 3074 1316 3119 uero

277 3161 454 3226 constituti
486 3157 663 3245 partibus,
705 3159 802 3225 multi
832 3159 1013 3225 dicebant:
1052 3191 1067 3216 u
1083 3161 1151 3227 Aut
1180 3167 1314 3228 creator

279 3295 294 3320 ι·
314 3266 458 3331 humane
475 3271 595 3331 nature
604 3264 746 3351 patitur,
764 3271 824 3331 aut
839 3267 985 3330 mundus
997 3272 1090 3334 totus
1105 3288 1179 3332 cum
1191 3272 1316 3334 natura

280 3400 294 3425 α
314 3377 474 3439 naturata
489 3379 623 3449 nature,
643 3374 838 3438 naturantis
849 3373 980 3451 iuditi0,
998 3373 1147 3441 finietur.
1164 3404 1178 3430 n

321 3699 405 3766 Erat
429 3700 531 3766 etiam
558 3700 702 3766 Athenis
719 3705 800 3768 tunc
821 3701 990 3787 solempne
1004 3698 1164 3777 studium,
1183 3698 1237 3764 ubi
1258 3720 1316 3766 sa-

276 3805 418 3892 pientes,
435 3806 558 3872 notitia
571 3807 827 3893 scripturarum,
844 3828 937 3873 aram
955 3807 1197 3873 nobilissimam
1214 3826 1315 3873 cons-

275 3911 443 3978 tituerant
463 3911 499 3978 in
517 3913 653 3979 nomine
669 3914 728 3978 Dei
753 3914 880 3999 ignoti;
907 3913 966 3979 sed
990 3913 1077 3979 seria
1104 3915 1213 4000 prima
1236 3921 1315 4001 post
1385 3930 1389 3934 ’

276 4018 474 4084 Passionem
505 4021 644 4107 Xpisti‚
686 4021 802 4087 multis
839 4021 875 4087 in
914 4021 1023 4107 signis
1052 4018 1312 4107 pergaudentes,

221 4129 255 4186 30
277 4123 382 4202 illam,
401 4125 434 4188 in
449 4124 508 4190 Dei
525 4127 597 4193 noti
613 4127 760 4204 nomine,
786 4132 1009 4194 uocauerunt.
1028 4128 1110 4194 Erat
1124 4127 1226 4195 eliam
1239 4145 1313 4192 cum
