2918 5046
648 447 788 505 -97-

211 610 317 676 Leones,
344 613 491 666 nonestus
517 613 696 671 incensans
712 627 746 664 na
773 610 851 665 Snus.
875 609 1055 679 -Stvsnni,
1082 616 1242 674 quinniens

239 704 416 761 incussione
429 716 463 753 nn
477 697 557 754 Sans.
575 730 604 740 -
622 699 731 766 Annia,
748 705 896 763 cinonmnn
910 706 1091 764 incuset-tona
1109 719 1142 757 nn
1160 703 1240 759 Sans.

241 821 266 829 -
286 788 397 845 Encas
414 806 433 854 1,
450 792 561 843 sixtina
575 793 756 851 nncnavtous
777 807 812 844 ns
826 789 906 847 Sene.
926 823 956 831 -
978 790 1100 859 Lunnnn,
1112 796 1243 847 stennius

237 884 416 941 nncnsvtous
441 894 475 933 ns
508 875 588 932 Sans.
618 908 652 920 -
674 876 819 946 Sfflnntcn,
848 883 982 937 anninus
1008 883 1187 942 incussione
1209 897 1243 934 ne

237 966 316 1023 Sus.
614 966 618 971 ’

208 1180 243 1236 [a
251 1181 396 1239 mieitme
405 1182 482 1241 table
491 1183 569 1257 parle
579 1184 630 1242 des
638 1184 681 1240 six
692 1186 822 1257 tvtques
830 1186 1015 1240 mentionnes
1026 1182 1181 1249 ci·dessus;
1193 1184 1243 1242 des

239 1272 361 1343 pontisee
372 1273 510 1339 remeius,
522 1273 557 1330 de
566 1273 644 1330 leurs
655 1282 733 1330 actes
744 1271 819 1328 etde
829 1272 907 1328 leurs
917 1272 1111 1337 institutum
1122 1273 1172 1329 dee
1182 1290 1242 1328 em·

238 1376 356 1430 perenna
366 1358 469 1434 depuis
482 1361 613 1436 l'epoque
625 1361 660 1418 de
672 1359 1035 1434 seintPotentienjusqu't
1045 1360 1158 1418 callode
1168 1363 1244 1419 saint

238 1444 366 1513 [inicia.
389 1450 544 1507 neuvieme
558 1450 739 1523 archevtque
755 1448 790 1506 de
810 1447 896 1515 Sene,
910 1458 939 1506 et
959 1448 994 1506 de
1014 1449 1155 1523 quelques
1176 1454 1242 1508 tvt-

239 1541 373 1589 nemente
391 1537 635 1609 contemporains.
1266 1537 1298 1593 10

248 1748 313 1812 Les
341 1748 395 1811 six
415 1747 642 1833 archeveques
664 1746 705 1812 de
720 1748 804 1813 Sens
826 1748 995 1815 oi-dessns
1018 1753 1241 1829 mentionnts‚

209 1855 342 1917 saveir:
373 1853 517 1931 Leonte,
555 1855 706 1931 Severin
739 1854 865 1931 Audat,
897 1856 1016 1922 Eracle
1045 1858 1073 1935 I,
1106 1860 1245 1925 Lunane

208 1966 240 2024 et
260 1960 417 2046 Simplice
444 1959 558 2027 iurent
581 1960 664 2025 dans
691 1964 744 2026 cet
770 1960 869 2026 ordre
888 1962 936 2026 les
960 1983 1173 2029 suceessenrs
1188 1966 1246 2028 im·

208 2066 350 2133 mediate
377 2065 418 2131 de
448 2067 540 2134 saint
567 2067 725 2132 Savinien
758 2072 792 2132 et
816 2066 856 2131 de
889 2068 980 2134 saint
1005 2068 1185 2135 Potentien
1212 2076 1247 2136 et

206 2177 452 2258 gouvernerent
478 2172 616 2259 l'Eglise
631 2172 672 2237 de
696 2172 791 2238 Sens.
810 2173 900 2238 Leur
925 2174 991 2250 vie,
1018 2174 1091 2239 leur
1111 2194 1196 2260 pays
1212 2183 1246 2240 et

208 2280 297 2345 leurs
314 2281 452 2347 menites
468 2300 552 2344 nous
572 2285 650 2345 sont
671 2280 847 2344 inconnus.
878 2278 944 2345 Car
967 2278 1016 2344 les
1041 2289 1170 2367 paiens,
1195 2281 1244 2346 les

209 2386 399 2453 Normands
426 2394 460 2453 et
487 2385 534 2451 les
563 2384 735 2450 Vandales
761 2391 822 2451 ont
851 2385 979 2452 detrnit
1005 2387 1053 2451 les
1073 2387 1176 2452 livres
1203 2386 1244 2451 de

208 2491 298 2557 leurs
330 2502 423 2559 actes
458 2499 492 2558 et
523 2492 613 2556 leurs
640 2493 830 2578 sepnitunes
853 2514 893 2557 en
916 2493 1023 2558 meme
1057 2500 1166 2581 temps
1184 2515 1246 2580 que

209 2599 254 2663 les
284 2599 407 2685 eglises
423 2599 467 2665 du
492 2599 668 2664 Senonais.
691 2598 885 2684 Cependant
902 2620 986 2664 nous
1004 2620 1126 2665 savons
1148 2599 1246 2685 qn'ils

210 2702 321 2770 iurent
351 2702 515 2769 ensevelis
541 2710 638 2769 entre
660 2703 789 2789 l'eglise
813 2702 854 2768 de
878 2705 969 2770 saint
990 2704 1147 2770 Savinien
1164 2711 1198 2772 et
1214 2704 1247 2770 la
1265 2714 1300 2771 io

211 2815 370 2897 premiere
387 2813 550 2897 basilique
562 2813 604 2877 de
618 2813 708 2877 saint
724 2813 871 2888 Strotin,
905 2833 1031 2879 comme
1058 2835 1101 2878 on
1117 2813 1148 2878 le
1177 2815 1247 2879 voit

211 2920 292 2984 dans
311 2922 439 2985 certain
469 2920 631 3005 privilege
661 2940 724 3004 qne
749 2918 873 2996 Clonin
898 2920 949 2984 roi
978 2919 1018 2984 de
1046 2922 1187 2999 Franco,
1217 2921 1247 2986 le

212 3029 351 3110 premier
376 3026 435 3090 des
463 3028 532 3090 nois
556 3026 746 3102 chretiens,
781 3025 893 3090 donna
917 3046 960 3090 au
987 3031 1178 3092 monestere
1206 3026 1247 3091 de

213 3130 568 3206 §aiut-Pierrele-Vif,
592 3151 633 3195 en
663 3130 839 3195 l'honneur
865 3130 993 3198 desdits
1022 3133 1247 3217 archevtques

216 3235 289 3317 qu'il
306 3236 435 3321 appelle
450 3237 560 3302 saints
575 3247 609 3303 et
623 3237 863 3302 bienhenreux.

220 3446 279 3510 Des
301 3450 444 3531 porin'ses
468 3449 625 3526 romnine,
643 3451 683 3514 de
710 3449 796 3512 leurs
822 3447 1028 3514 institutione
1048 3460 1080 3513 et
1101 3450 1140 3514 de
1162 3449 1248 3515 leurs

670 3568 770 3621 actes.

260 3774 355 3842 Entre
381 3780 511 3844 Leonce
529 3780 584 3863 qui
605 3776 653 3841 sut
675 3777 704 3841 le
729 3776 913 3851 troisieme,
931 3785 964 3841 et
992 3777 1081 3842 saint
1100 3777 1244 3854 i'nsicin,

224 3883 268 3974 qni
287 3883 332 3949 sut
349 3886 378 3948 le
393 3887 565 3950 neuvieme
575 3884 692 3970 depuis
708 3884 797 3948 saint
814 3884 986 3959 Savinien,
1007 3882 1119 3949 iurent
1134 3906 1248 3950 souve-

226 3988 303 4051 rains
317 3992 461 4076 pontiies
484 3997 504 4056 a
528 3993 644 4070 Rome,
661 3999 695 4058 et
711 4008 904 4074 empereurs
921 4009 1005 4054 ceux
1017 4011 1081 4075 que
1091 3992 1127 4078 je
1151 4012 1248 4056 n01n-
1265 4006 1302 4065 ³0

227 4099 313 4158 nerei
325 4098 530 4163 ci·dess0us:

1119 4188 1136 4242 7
