<?xml version="1.0" encoding="UTF-8"?>
<!DOCTYPE html PUBLIC "-//W3C//DTD XHTML 1.0 Transitional//EN"
    "http://www.w3.org/TR/xhtml1/DTD/xhtml1-transitional.dtd">
<html xmlns="http://www.w3.org/1999/xhtml" xml:lang="en" lang="en">
 <head>
  <title>
</title>
<meta http-equiv="Content-Type" content="text/html;charset=utf-8" />
  <meta name='ocr-system' content='tesseract 3.04.00' />
  <meta name='ocr-capabilities' content='ocr_page ocr_carea ocr_par ocr_line ocrx_word'/>
</head>
<body>
  <div class='ocr_page' id='page_1' title='image "./chroniquedelabb00fragoog_0528.png"; bbox 0 0 2918 5046; ppageno 0'>
   <div class='ocr_carea' id='block_1_1' title="bbox 645 412 803 471">
    <p class='ocr_par' dir='ltr' id='par_1_1' title="bbox 645 412 803 471">
     <span class='ocr_line' id='line_1_1' title="bbox 645 412 803 471; baseline 0 -16"><span class='ocrx_word' id='word_1_1' title='bbox 645 412 803 471; x_wconf 71' lang='grc'><strong>-494,</strong></span> 
     </span>
    </p>
   </div>
   <div class='ocr_carea' id='block_1_2' title="bbox 206 539 1246 951">
    <p class='ocr_par' dir='ltr' id='par_1_2' title="bbox 206 539 1246 951">
     <span class='ocr_line' id='line_1_2' title="bbox 251 539 1243 629; baseline 0 -20"><span class='ocrx_word' id='word_1_2' title='bbox 251 543 360 609; x_wconf 84' lang='lat' dir='ltr'>Multa</span> <span class='ocrx_word' id='word_1_3' title='bbox 382 542 452 607; x_wconf 86' lang='lat' dir='ltr'>alia</span> <span class='ocrx_word' id='word_1_4' title='bbox 474 540 516 607; x_wconf 89' lang='lat' dir='ltr'>de</span> <span class='ocrx_word' id='word_1_5' title='bbox 541 543 615 629; x_wconf 87' lang='lat' dir='ltr'>ipso</span> <span class='ocrx_word' id='word_1_6' title='bbox 638 540 847 626; x_wconf 72' lang='lat' dir='ltr'>audirique</span> <span class='ocrx_word' id='word_1_7' title='bbox 871 539 1001 627; x_wconf 84' lang='lat' dir='ltr'>scripta</span> <span class='ocrx_word' id='word_1_8' title='bbox 1024 558 1094 607; x_wconf 92' lang='lat' dir='ltr'>nou</span> <span class='ocrx_word' id='word_1_9' title='bbox 1119 540 1243 609; x_wconf 83' lang='lat' dir='ltr'>iuueni.</span> 
     </span>
     <span class='ocr_line' id='line_1_3' title="bbox 207 646 1245 737; baseline -0.001 -21"><span class='ocrx_word' id='word_1_10' title='bbox 207 649 426 736; x_wconf 82' lang='lat' dir='ltr'><strong>Sepulchrum</strong></span> <span class='ocrx_word' id='word_1_11' title='bbox 438 649 570 715; x_wconf 90' lang='lat' dir='ltr'><strong>Domini</strong></span> <span class='ocrx_word' id='word_1_12' title='bbox 578 646 805 714; x_wconf 83' lang='lat' dir='ltr'>uenerabatur</span> <span class='ocrx_word' id='word_1_13' title='bbox 813 652 952 733; x_wconf 85' lang='lat' dir='ltr'>propter</span> <span class='ocrx_word' id='word_1_14' title='bbox 961 646 1144 715; x_wconf 80' lang='lat' dir='ltr'>caritatem</span> <span class='ocrx_word' id='word_1_15' title='bbox 1150 668 1245 737; x_wconf 79' lang='lat' dir='ltr'>quum</span> 
     </span>
     <span class='ocr_line' id='line_1_4' title="bbox 206 754 1246 844; baseline 0.003 -22"><span class='ocrx_word' id='word_1_16' title='bbox 206 756 382 844; x_wconf 85' lang='lat' dir='ltr'>probatam</span> <span class='ocrx_word' id='word_1_17' title='bbox 400 756 531 822; x_wconf 88' lang='lat' dir='ltr'>inuenit</span> <span class='ocrx_word' id='word_1_18' title='bbox 554 755 640 842; x_wconf 90' lang='lat' dir='ltr'>apud</span> <span class='ocrx_word' id='word_1_19' title='bbox 661 754 932 842; x_wconf 86' lang='lat' dir='ltr'>Hospitalarios;</span> <span class='ocrx_word' id='word_1_20' title='bbox 949 754 1044 823; x_wconf 87' lang='lat' dir='ltr'>dedit</span> <span class='ocrx_word' id='word_1_21' title='bbox 1057 756 1108 821; x_wconf 91' lang='lat' dir='ltr'>eis</span> <span class='ocrx_word' id='word_1_22' title='bbox 1125 756 1246 825; x_wconf 78' lang='lat' dir='ltr'>multer</span> 
     </span>
     <span class='ocr_line' id='line_1_5' title="bbox 208 863 736 951; baseline -0.008 -20"><span class='ocrx_word' id='word_1_23' title='bbox 208 866 450 951; x_wconf 87' lang='lat' dir='ltr'>possessiones,</span> <span class='ocrx_word' id='word_1_24' title='bbox 470 868 509 931; x_wconf 84' lang='lat' dir='ltr'>ut</span> <span class='ocrx_word' id='word_1_25' title='bbox 528 863 645 931; x_wconf 85' lang='lat' dir='ltr'>dicunt</span> <span class='ocrx_word' id='word_1_26' title='bbox 659 864 736 950; x_wconf 91' lang='lat' dir='ltr'>ipsi.</span> 
     </span>
    </p>
   </div>
   <div class='ocr_carea' id='block_1_3' title="bbox 153 1076 1247 2979">
    <p class='ocr_par' dir='ltr' id='par_1_3' title="bbox 208 1076 1246 1485">
     <span class='ocr_line' id='line_1_6' title="bbox 252 1076 1246 1165; baseline -0.001 -19"><span class='ocrx_word' id='word_1_27' title='bbox 252 1082 351 1146; x_wconf 85' lang='lat' dir='ltr'>Anno</span> <span class='ocrx_word' id='word_1_28' title='bbox 372 1080 503 1146; x_wconf 87' lang='lat' dir='ltr'>Domini</span> <span class='ocrx_word' id='word_1_29' title='bbox 521 1078 698 1143; x_wconf 91' lang='lat' dir='ltr'>millesimo</span> <span class='ocrx_word' id='word_1_30' title='bbox 724 1076 908 1143; x_wconf 85' lang='lat' dir='ltr'>centesimo</span> <span class='ocrx_word' id='word_1_31' title='bbox 923 1078 1175 1165; x_wconf 83' lang='lat' dir='ltr'>septuagesimo</span> <span class='ocrx_word' id='word_1_32' title='bbox 1193 1098 1246 1145; x_wconf 85' lang='lat' dir='ltr'>se-</span> 
     </span>
     <span class='ocr_line' id='line_1_7' title="bbox 209 1183 1245 1271; baseline 0 -20"><span class='ocrx_word' id='word_1_33' title='bbox 209 1185 329 1263; x_wconf 91' lang='lat' dir='ltr'>cundo,</span> <span class='ocrx_word' id='word_1_34' title='bbox 344 1185 410 1251; x_wconf 91' lang='lat' dir='ltr'>duo</span> <span class='ocrx_word' id='word_1_35' title='bbox 422 1186 548 1251; x_wconf 81' lang='lat' dir='ltr'>milites</span> <span class='ocrx_word' id='word_1_36' title='bbox 563 1186 598 1249; x_wconf 91' lang='lat' dir='ltr'>in</span> <span class='ocrx_word' id='word_1_37' title='bbox 613 1183 700 1249; x_wconf 88' lang='lat' dir='ltr'>albis</span> <span class='ocrx_word' id='word_1_38' title='bbox 717 1184 822 1249; x_wconf 90' lang='lat' dir='ltr'>armis</span> <span class='ocrx_word' id='word_1_39' title='bbox 839 1188 1042 1271; x_wconf 79' lang='lat' dir='ltr'><strong>apparentes</strong></span> <span class='ocrx_word' id='word_1_40' title='bbox 1054 1186 1091 1251; x_wconf 89' lang='lat' dir='ltr'>in</span> <span class='ocrx_word' id='word_1_41' title='bbox 1110 1204 1190 1253; x_wconf 85' lang='lat' dir='ltr'>aare</span> <span class='ocrx_word' id='word_1_42' title='bbox 1205 1184 1245 1251; x_wconf 78' lang='lat' dir='ltr'>ad</span> 
     </span>
     <span class='ocr_line' id='line_1_8' title="bbox 208 1289 1246 1379; baseline -0.001 -19"><span class='ocrx_word' id='word_1_43' title='bbox 208 1292 407 1360; x_wconf 71' lang='lat' dir='ltr'>orientalem</span> <span class='ocrx_word' id='word_1_44' title='bbox 431 1296 466 1358; x_wconf 93' lang='lat' dir='ltr'>et</span> <span class='ocrx_word' id='word_1_45' title='bbox 490 1289 557 1356; x_wconf 90' lang='lat' dir='ltr'>duo</span> <span class='ocrx_word' id='word_1_46' title='bbox 580 1289 622 1355; x_wconf 84' lang='lat' dir='ltr'>ad</span> <span class='ocrx_word' id='word_1_47' title='bbox 649 1289 891 1357; x_wconf 84' lang='lat' dir='ltr'>occidentalem</span> <span class='ocrx_word' id='word_1_48' title='bbox 917 1290 982 1357; x_wconf 81' lang='lat' dir='ltr'>visi</span> <span class='ocrx_word' id='word_1_49' title='bbox 1003 1296 1085 1359; x_wconf 88' lang='lat' dir='ltr'>suut</span> <span class='ocrx_word' id='word_1_50' title='bbox 1106 1292 1246 1379; x_wconf 75' lang='lat' dir='ltr'>inpage</span> 
     </span>
     <span class='ocr_line' id='line_1_9' title="bbox 209 1395 910 1485; baseline -0.006 -20"><span class='ocrx_word' id='word_1_51' title='bbox 209 1400 370 1485; x_wconf 79' lang='lat' dir='ltr'>Byturico</span> <span class='ocrx_word' id='word_1_52' title='bbox 387 1396 535 1483; x_wconf 84' lang='lat' dir='ltr'>equibus</span> <span class='ocrx_word' id='word_1_53' title='bbox 549 1395 617 1461; x_wconf 91' lang='lat' dir='ltr'>duo</span> <span class='ocrx_word' id='word_1_54' title='bbox 632 1396 732 1481; x_wconf 93' lang='lat' dir='ltr'>primi</span> <span class='ocrx_word' id='word_1_55' title='bbox 744 1396 910 1463; x_wconf 83' lang='lat' dir='ltr'>vicerunt.</span> 
     </span>
    </p>

    <p class='ocr_par' dir='ltr' id='par_1_4' title="bbox 250 1502 1246 1589">
     <span class='ocr_line' id='line_1_10' title="bbox 250 1502 1246 1589; baseline -0.005 -17"><span class='ocrx_word' id='word_1_56' title='bbox 250 1510 348 1572; x_wconf 79' lang='lat' dir='ltr'>Anno</span> <span class='ocrx_word' id='word_1_57' title='bbox 368 1502 501 1569; x_wconf 88' lang='lat' dir='ltr'>Domini</span> <span class='ocrx_word' id='word_1_58' title='bbox 527 1502 705 1567; x_wconf 90' lang='lat' dir='ltr'>millesimo</span> <span class='ocrx_word' id='word_1_59' title='bbox 730 1502 978 1589; x_wconf 81' lang='lat' dir='ltr'>septuagesimo</span> <span class='ocrx_word' id='word_1_60' title='bbox 1001 1502 1118 1587; x_wconf 81' lang='lat' dir='ltr'>tertio,</span> <span class='ocrx_word' id='word_1_61' title='bbox 1151 1502 1246 1589; x_wconf 79' lang='lat' dir='ltr'>ignee</span> 
     </span>
    </p>

    <p class='ocr_par' dir='ltr' id='par_1_5' title="bbox 158 1606 1247 1803">
     <span class='ocr_line' id='line_1_11' title="bbox 158 1606 1247 1695; baseline -0.006 -16"><span class='ocrx_word' id='word_1_62' title='bbox 158 1610 189 1666; x_wconf 71' lang='grc' dir='ltr'>ΙΙ)</span> <span class='ocrx_word' id='word_1_63' title='bbox 207 1613 297 1679; x_wconf 88' lang='lat' dir='ltr'>acies</span> <span class='ocrx_word' id='word_1_64' title='bbox 321 1613 392 1677; x_wconf 87' lang='lat' dir='ltr'>vise</span> <span class='ocrx_word' id='word_1_65' title='bbox 407 1614 488 1675; x_wconf 83' lang='lat' dir='ltr'>sunt</span> <span class='ocrx_word' id='word_1_66' title='bbox 499 1609 534 1674; x_wconf 94' lang='lat' dir='ltr'>in</span> <span class='ocrx_word' id='word_1_67' title='bbox 549 1628 655 1695; x_wconf 80' lang='lat' dir='ltr'>regno</span> <span class='ocrx_word' id='word_1_68' title='bbox 670 1608 869 1695; x_wconf 77' lang='lat' dir='ltr'>Anglorum.</span> <span class='ocrx_word' id='word_1_69' title='bbox 889 1610 983 1675; x_wconf 80' lang='lat' dir='ltr'>Tunc</span> <span class='ocrx_word' id='word_1_70' title='bbox 999 1608 1065 1677; x_wconf 82' lang='lat' dir='ltr'>suit</span> <span class='ocrx_word' id='word_1_71' title='bbox 1080 1606 1247 1675; x_wconf 84' lang='lat' dir='ltr'>discordia</span> 
     </span>
     <span class='ocr_line' id='line_1_12' title="bbox 209 1714 927 1803; baseline 0.001 -22"><span class='ocrx_word' id='word_1_72' title='bbox 209 1720 298 1782; x_wconf 86' lang='lat' dir='ltr'>inter</span> <span class='ocrx_word' id='word_1_73' title='bbox 313 1736 426 1803; x_wconf 83' lang='lat' dir='ltr'>regern</span> <span class='ocrx_word' id='word_1_74' title='bbox 448 1715 635 1801; x_wconf 83' lang='lat' dir='ltr'>Anglorum</span> <span class='ocrx_word' id='word_1_75' title='bbox 648 1720 683 1781; x_wconf 87' lang='lat' dir='ltr'>et</span> <span class='ocrx_word' id='word_1_76' title='bbox 695 1714 802 1781; x_wconf 79' lang='lat' dir='ltr'>lilium</span> <span class='ocrx_word' id='word_1_77' title='bbox 817 1736 927 1783; x_wconf 91' lang='lat' dir='ltr'>suum.</span> 
     </span>
    </p>

    <p class='ocr_par' dir='ltr' id='par_1_6' title="bbox 208 1820 1247 2015">
     <span class='ocr_line' id='line_1_13' title="bbox 252 1820 1247 1909; baseline -0.001 -21"><span class='ocrx_word' id='word_1_78' title='bbox 252 1820 376 1889; x_wconf 81' lang='lat' dir='ltr'>Eodem</span> <span class='ocrx_word' id='word_1_79' title='bbox 400 1841 502 1898; x_wconf 84' lang='lat' dir='ltr'>anno,</span> <span class='ocrx_word' id='word_1_80' title='bbox 531 1828 670 1889; x_wconf 88' lang='lat' dir='ltr'>sanctus</span> <span class='ocrx_word' id='word_1_81' title='bbox 689 1821 837 1888; x_wconf 83' lang='lat' dir='ltr'>Thomas</span> <span class='ocrx_word' id='word_1_82' title='bbox 860 1822 1082 1891; x_wconf 73' lang='lat' dir='ltr'>canonizatus</span> <span class='ocrx_word' id='word_1_83' title='bbox 1112 1826 1168 1889; x_wconf 81' lang='lat' dir='ltr'>est</span> <span class='ocrx_word' id='word_1_84' title='bbox 1188 1840 1247 1909; x_wconf 85' lang='lat' dir='ltr'>per</span> 
     </span>
     <span class='ocr_line' id='line_1_14' title="bbox 208 1928 586 2015; baseline 0 -22"><span class='ocrx_word' id='word_1_85' title='bbox 208 1928 439 1994; x_wconf 77' lang='lat' dir='ltr'>Alexandrum</span> <span class='ocrx_word' id='word_1_86' title='bbox 455 1948 586 2015; x_wconf 87' lang='lat' dir='ltr'>papam.</span> 
     </span>
    </p>

    <p class='ocr_par' dir='ltr' id='par_1_7' title="bbox 206 2034 1247 2661">
     <span class='ocr_line' id='line_1_15' title="bbox 251 2034 1246 2123; baseline 0.002 -24"><span class='ocrx_word' id='word_1_87' title='bbox 251 2036 349 2101; x_wconf 80' lang='lat' dir='ltr'>Anno</span> <span class='ocrx_word' id='word_1_88' title='bbox 381 2036 515 2101; x_wconf 89' lang='lat' dir='ltr'>Domini</span> <span class='ocrx_word' id='word_1_89' title='bbox 557 2036 736 2102; x_wconf 88' lang='lat' dir='ltr'>millesimo</span> <span class='ocrx_word' id='word_1_90' title='bbox 772 2036 955 2101; x_wconf 81' lang='lat' dir='ltr'>centesimo</span> <span class='ocrx_word' id='word_1_91' title='bbox 997 2034 1246 2123; x_wconf 78' lang='lat' dir='ltr'>septuagesimo</span> 
     </span>
     <span class='ocr_line' id='line_1_16' title="bbox 208 2144 1247 2231; baseline 0 -24"><span class='ocrx_word' id='word_1_92' title='bbox 208 2150 339 2229; x_wconf 85' lang='lat' dir='ltr'>quarto,</span> <span class='ocrx_word' id='word_1_93' title='bbox 364 2164 426 2209; x_wconf 81' lang='lat' dir='ltr'>rex</span> <span class='ocrx_word' id='word_1_94' title='bbox 449 2146 656 2209; x_wconf 78' lang='lat' dir='ltr'>Francorum</span> <span class='ocrx_word' id='word_1_95' title='bbox 672 2144 828 2230; x_wconf 86' lang='lat' dir='ltr'>promisit</span> <span class='ocrx_word' id='word_1_96' title='bbox 853 2144 902 2207; x_wconf 90' lang='lat' dir='ltr'>ire</span> <span class='ocrx_word' id='word_1_97' title='bbox 928 2144 1017 2210; x_wconf 88' lang='lat' dir='ltr'>citra</span> <span class='ocrx_word' id='word_1_98' title='bbox 1032 2162 1128 2209; x_wconf 86' lang='lat' dir='ltr'>mare</span> <span class='ocrx_word' id='word_1_99' title='bbox 1149 2160 1247 2231; x_wconf 82' lang='lat' dir='ltr'>super</span> 
     </span>
     <span class='ocr_line' id='line_1_17' title="bbox 210 2250 1246 2338; baseline 0.002 -23"><span class='ocrx_word' id='word_1_100' title='bbox 210 2251 385 2337; x_wconf 72' lang='lat' dir='ltr'>cinglicum</span> <span class='ocrx_word' id='word_1_101' title='bbox 414 2272 539 2337; x_wconf 84' lang='lat' dir='ltr'>regem,</span> <span class='ocrx_word' id='word_1_102' title='bbox 566 2260 703 2338; x_wconf 87' lang='lat' dir='ltr'>propter</span> <span class='ocrx_word' id='word_1_103' title='bbox 728 2272 842 2317; x_wconf 82' lang='lat' dir='ltr'>necem</span> <span class='ocrx_word' id='word_1_104' title='bbox 869 2252 978 2318; x_wconf 85' lang='lat' dir='ltr'>saneti</span> <span class='ocrx_word' id='word_1_105' title='bbox 1007 2250 1149 2319; x_wconf 82' lang='lat' dir='ltr'>Thema.</span> <span class='ocrx_word' id='word_1_106' title='bbox 1176 2250 1246 2327; x_wconf 82' lang='lat' dir='ltr'>Quo</span> 
     </span>
     <span class='ocr_line' id='line_1_18' title="bbox 207 2357 1247 2445; baseline 0 -22"><span class='ocrx_word' id='word_1_107' title='bbox 207 2358 336 2437; x_wconf 85' lang='lat' dir='ltr'>audito,</span> <span class='ocrx_word' id='word_1_108' title='bbox 350 2380 409 2423; x_wconf 84' lang='lat' dir='ltr'>rex</span> <span class='ocrx_word' id='word_1_109' title='bbox 419 2359 586 2425; x_wconf 90' lang='lat' dir='ltr'>Henricus</span> <span class='ocrx_word' id='word_1_110' title='bbox 596 2360 783 2445; x_wconf 76' lang='lat' dir='ltr'>Anglorum</span> <span class='ocrx_word' id='word_1_111' title='bbox 795 2358 890 2425; x_wconf 88' lang='lat' dir='ltr'>misit</span> <span class='ocrx_word' id='word_1_112' title='bbox 899 2357 1102 2445; x_wconf 86' lang='lat' dir='ltr'>sollempnes</span> <span class='ocrx_word' id='word_1_113' title='bbox 1112 2357 1247 2425; x_wconf 80' lang='lat' dir='ltr'>nuutios</span> 
     </span>
     <span class='ocr_line' id='line_1_19' title="bbox 207 2462 1245 2549; baseline 0.006 -22"><span class='ocrx_word' id='word_1_114' title='bbox 207 2462 342 2529; x_wconf 88' lang='lat' dir='ltr'>domino</span> <span class='ocrx_word' id='word_1_115' title='bbox 373 2485 456 2549; x_wconf 85' lang='lat' dir='ltr'>pape</span> <span class='ocrx_word' id='word_1_116' title='bbox 493 2464 688 2531; x_wconf 74' lang='lat' dir='ltr'>Alexandro</span> <span class='ocrx_word' id='word_1_117' title='bbox 716 2467 872 2532; x_wconf 83' lang='lat' dir='ltr'>excusari</span> <span class='ocrx_word' id='word_1_118' title='bbox 902 2487 937 2532; x_wconf 88' lang='lat' dir='ltr'>se</span> <span class='ocrx_word' id='word_1_119' title='bbox 963 2464 1004 2531; x_wconf 86' lang='lat' dir='ltr'>de</span> <span class='ocrx_word' id='word_1_120' title='bbox 1029 2486 1111 2533; x_wconf 90' lang='lat' dir='ltr'>nece</span> <span class='ocrx_word' id='word_1_121' title='bbox 1139 2466 1245 2533; x_wconf 82' lang='lat' dir='ltr'>sancti</span> 
     </span>
     <span class='ocr_line' id='line_1_20' title="bbox 206 2571 1245 2661; baseline 0.004 -26"><span class='ocrx_word' id='word_1_122' title='bbox 206 2572 343 2636; x_wconf 89' lang='lat' dir='ltr'>Thome.</span> <span class='ocrx_word' id='word_1_123' title='bbox 362 2573 454 2637; x_wconf 83' lang='lat' dir='ltr'>&#39;lunc</span> <span class='ocrx_word' id='word_1_124' title='bbox 464 2592 551 2658; x_wconf 85' lang='lat' dir='ltr'>papa</span> <span class='ocrx_word' id='word_1_125' title='bbox 566 2574 660 2639; x_wconf 89' lang='lat' dir='ltr'>misit</span> <span class='ocrx_word' id='word_1_126' title='bbox 669 2572 754 2639; x_wconf 92' lang='lat' dir='ltr'>duos</span> <span class='ocrx_word' id='word_1_127' title='bbox 765 2572 1006 2639; x_wconf 84' lang='lat' dir='ltr'>cardinalesud</span> <span class='ocrx_word' id='word_1_128' title='bbox 1021 2571 1245 2661; x_wconf 83' lang='lat' dir='ltr'>recipiendam</span> 
     </span>
    </p>

    <p class='ocr_par' dir='ltr' id='par_1_8' title="bbox 153 2679 1245 2979">
     <span class='ocr_line' id='line_1_21' title="bbox 153 2679 1242 2767; baseline 0.004 -24"><span class='ocrx_word' id='word_1_129' title='bbox 153 2698 189 2753; x_wconf 61' lang='grc' dir='ltr'>ρο</span> <span class='ocrx_word' id='word_1_130' title='bbox 205 2679 456 2745; x_wconf 82' lang='lat' dir='ltr'>excusationem</span> <span class='ocrx_word' id='word_1_131' title='bbox 472 2681 575 2765; x_wconf 85' lang='lat' dir='ltr'>regis.</span> <span class='ocrx_word' id='word_1_132' title='bbox 594 2680 658 2746; x_wconf 85' lang='lat' dir='ltr'>Sed</span> <span class='ocrx_word' id='word_1_133' title='bbox 671 2683 749 2767; x_wconf 84' lang='lat' dir='ltr'>quia</span> <span class='ocrx_word' id='word_1_134' title='bbox 764 2682 940 2747; x_wconf 83' lang='lat' dir='ltr'>occasione</span> <span class='ocrx_word' id='word_1_135' title='bbox 955 2682 1159 2749; x_wconf 82' lang='lat' dir='ltr'>suaoccisus</span> <span class='ocrx_word' id='word_1_136' title='bbox 1169 2680 1242 2757; x_wconf 82' lang='lat' dir='ltr'>suit,</span> 
     </span>
     <span class='ocr_line' id='line_1_22' title="bbox 205 2784 1245 2865; baseline 0.002 -16"><span class='ocrx_word' id='word_1_137' title='bbox 205 2786 298 2851; x_wconf 88' lang='lat' dir='ltr'>misit</span> <span class='ocrx_word' id='word_1_138' title='bbox 329 2785 478 2851; x_wconf 83' lang='lat' dir='ltr'>subsidio</span> <span class='ocrx_word' id='word_1_139' title='bbox 504 2786 751 2853; x_wconf 84' lang='lat' dir='ltr'>Terre-Sancte</span> <span class='ocrx_word' id='word_1_140' title='bbox 780 2786 942 2853; x_wconf 87' lang='lat' dir='ltr'>ducentos</span> <span class='ocrx_word' id='word_1_141' title='bbox 968 2784 1118 2865; x_wconf 85' lang='lat' dir='ltr'>milites,</span> <span class='ocrx_word' id='word_1_142' title='bbox 1150 2804 1245 2851; x_wconf 86' lang='lat' dir='ltr'>eruce</span> 
     </span>
     <span class='ocr_line' id='line_1_23' title="bbox 205 2890 1245 2979; baseline 0.006 -24"><span class='ocrx_word' id='word_1_143' title='bbox 205 2894 345 2979; x_wconf 77' lang='lat' dir='ltr'>signans</span> <span class='ocrx_word' id='word_1_144' title='bbox 362 2914 409 2971; x_wconf 84' lang='lat' dir='ltr'>se,</span> <span class='ocrx_word' id='word_1_145' title='bbox 435 2900 469 2959; x_wconf 83' lang='lat' dir='ltr'>et</span> <span class='ocrx_word' id='word_1_146' title='bbox 493 2894 610 2959; x_wconf 87' lang='lat' dir='ltr'>iurans</span> <span class='ocrx_word' id='word_1_147' title='bbox 632 2893 719 2979; x_wconf 89' lang='lat' dir='ltr'>quod</span> <span class='ocrx_word' id='word_1_148' title='bbox 746 2892 838 2960; x_wconf 85' lang='lat' dir='ltr'>inira</span> <span class='ocrx_word' id='word_1_149' title='bbox 861 2894 1047 2963; x_wconf 84' lang='lat' dir='ltr'>triennium</span> <span class='ocrx_word' id='word_1_150' title='bbox 1074 2890 1245 2962; x_wconf 79' lang='lat' dir='ltr'>transire-</span> 
     </span>
    </p>
   </div>
   <div class='ocr_carea' id='block_1_4' title="bbox 206 3006 1245 3179">
    <p class='ocr_par' dir='ltr' id='par_1_9' title="bbox 206 3006 1245 3179">
     <span class='ocr_line' id='line_1_24' title="bbox 206 3006 1245 3179; baseline 0.002 -26"><span class='ocrx_word' id='word_1_151' title='bbox 206 3006 383 3155; x_wconf 41' lang='lat' dir='ltr'>tallgssimus</span> <span class='ocrx_word' id='word_1_152' title='bbox 395 3088 595 3155; x_wconf 85' lang='lat' dir='ltr'>Fredericus</span> <span class='ocrx_word' id='word_1_153' title='bbox 609 3090 792 3177; x_wconf 90' lang='lat' dir='ltr'>imperator</span> <span class='ocrx_word' id='word_1_154' title='bbox 804 3090 985 3177; x_wconf 86' lang='lat' dir='ltr'>imperauit</span> <span class='ocrx_word' id='word_1_155' title='bbox 992 3094 1121 3179; x_wconf 89' lang='lat' dir='ltr'>septem</span> <span class='ocrx_word' id='word_1_156' title='bbox 1134 3094 1171 3159; x_wconf 88' lang='lat' dir='ltr'>et</span> <span class='ocrx_word' id='word_1_157' title='bbox 1181 3088 1245 3156; x_wconf 90' lang='lat' dir='ltr'>tri-</span> 
     </span>
    </p>
   </div>
   <div class='ocr_carea' id='block_1_5' title="bbox 152 3196 1243 3924">
    <p class='ocr_par' dir='ltr' id='par_1_10' title="bbox 152 3196 1243 3924">
     <span class='ocr_line' id='line_1_25' title="bbox 206 3196 434 3283; baseline 0.009 -24"><span class='ocrx_word' id='word_1_158' title='bbox 206 3196 434 3283; x_wconf 81' lang='lat' dir='ltr'>gentaannis</span> 
     </span>
     <span class='ocr_line' id='line_1_26' title="bbox 248 3303 1242 3391; baseline 0.008 -22"><span class='ocrx_word' id='word_1_159' title='bbox 248 3303 1242 3391; x_wconf 76' lang='lat' dir='ltr'>llnnoDominimillesimocentesimoseptuagesimosexto·</span> 
     </span>
     <span class='ocr_line' id='line_1_27' title="bbox 203 3409 1242 3497; baseline 0.002 -22"><span class='ocrx_word' id='word_1_160' title='bbox 203 3410 415 3489; x_wconf 88' lang='lat' dir='ltr'>Gnillelmus‚</span> <span class='ocrx_word' id='word_1_161' title='bbox 441 3410 646 3477; x_wconf 87' lang='lat' dir='ltr'>Senonensis</span> <span class='ocrx_word' id='word_1_162' title='bbox 675 3409 960 3497; x_wconf 84' lang='lat' dir='ltr'>archiepiscopus,</span> <span class='ocrx_word' id='word_1_163' title='bbox 982 3410 1175 3477; x_wconf 87' lang='lat' dir='ltr'>translatus</span> <span class='ocrx_word' id='word_1_164' title='bbox 1192 3416 1242 3477; x_wconf 81' lang='lat' dir='ltr'>est</span> 
     </span>
     <span class='ocr_line' id='line_1_28' title="bbox 206 3514 1129 3597; baseline -0.002 -14"><span class='ocrx_word' id='word_1_165' title='bbox 206 3519 340 3597; x_wconf 79' lang='lat' dir='ltr'>Remis3</span> <span class='ocrx_word' id='word_1_166' title='bbox 359 3526 393 3585; x_wconf 87' lang='lat' dir='ltr'>et</span> <span class='ocrx_word' id='word_1_167' title='bbox 408 3516 529 3594; x_wconf 81' lang='lat' dir='ltr'>Guilo,</span> <span class='ocrx_word' id='word_1_168' title='bbox 552 3517 606 3583; x_wconf 92' lang='lat' dir='ltr'>uir</span> <span class='ocrx_word' id='word_1_169' title='bbox 620 3514 754 3594; x_wconf 88' lang='lat' dir='ltr'>nobilis,</span> <span class='ocrx_word' id='word_1_170' title='bbox 772 3518 970 3583; x_wconf 85' lang='lat' dir='ltr'>sustituitur</span> <span class='ocrx_word' id='word_1_171' title='bbox 980 3516 1054 3583; x_wconf 90' lang='lat' dir='ltr'>loco</span> <span class='ocrx_word' id='word_1_172' title='bbox 1065 3516 1129 3583; x_wconf 85' lang='lat' dir='ltr'>sui.</span> 
     </span>
     <span class='ocr_line' id='line_1_29' title="bbox 251 3624 1242 3713; baseline -0.002 -22"><span class='ocrx_word' id='word_1_173' title='bbox 251 3626 426 3713; x_wconf 84' lang='lat' dir='ltr'>Philippus</span> <span class='ocrx_word' id='word_1_174' title='bbox 444 3626 508 3703; x_wconf 89' lang='grc' dir='ltr'><strong>ΙΙΙ,</strong></span> <span class='ocrx_word' id='word_1_175' title='bbox 524 3624 583 3690; x_wconf 85' lang='grc' dir='ltr'><strong>ΙΙΙο</strong></span> <span class='ocrx_word' id='word_1_176' title='bbox 614 3633 776 3711; x_wconf 89' lang='lat' dir='ltr'>ternpore,</span> <span class='ocrx_word' id='word_1_177' title='bbox 807 3624 905 3690; x_wconf 84' lang='lat' dir='ltr'>duxit</span> <span class='ocrx_word' id='word_1_178' title='bbox 938 3642 1078 3689; x_wconf 86' lang='lat' dir='ltr'>uxorem</span> <span class='ocrx_word' id='word_1_179' title='bbox 1109 3630 1242 3711; x_wconf 83' lang='lat' dir='ltr'>neptam</span> 
     </span>
     <span class='ocr_line' id='line_1_30' title="bbox 152 3730 1243 3819; baseline -0.004 -20"><span class='ocrx_word' id='word_1_180' title='bbox 152 3762 184 3819; x_wconf 76' lang='lat'>30</span> <span class='ocrx_word' id='word_1_181' title='bbox 204 3732 336 3799; x_wconf 89' lang='lat' dir='ltr'>comitis</span> <span class='ocrx_word' id='word_1_182' title='bbox 365 3730 536 3808; x_wconf 75' lang='lat' dir='ltr'>llandrie,</span> <span class='ocrx_word' id='word_1_183' title='bbox 556 3731 792 3817; x_wconf 82' lang='lat' dir='ltr'>ignorantibus</span> <span class='ocrx_word' id='word_1_184' title='bbox 807 3740 918 3798; x_wconf 82' lang='lat' dir='ltr'>matre</span> <span class='ocrx_word' id='word_1_185' title='bbox 940 3738 977 3797; x_wconf 86' lang='lat' dir='ltr'>et</span> <span class='ocrx_word' id='word_1_186' title='bbox 1001 3730 1172 3797; x_wconf 86' lang='lat' dir='ltr'>auunculo</span> <span class='ocrx_word' id='word_1_187' title='bbox 1185 3748 1243 3796; x_wconf 85' lang='lat' dir='ltr'>suo</span> 
     </span>
     <span class='ocr_line' id='line_1_31' title="bbox 203 3832 1243 3924; baseline -0.005 -18"><span class='ocrx_word' id='word_1_188' title='bbox 203 3838 395 3915; x_wconf 86' lang='lat' dir='ltr'>Gnillelmo,</span> <span class='ocrx_word' id='word_1_189' title='bbox 426 3836 678 3924; x_wconf 85' lang='lat' dir='ltr'>archiepiscopo</span> <span class='ocrx_word' id='word_1_190' title='bbox 696 3838 903 3917; x_wconf 88' lang='lat' dir='ltr'>Senonensi;</span> <span class='ocrx_word' id='word_1_191' title='bbox 933 3854 994 3921; x_wconf 94' lang='lat' dir='ltr'>pro</span> <span class='ocrx_word' id='word_1_192' title='bbox 1023 3834 1098 3921; x_wconf 88' lang='lat' dir='ltr'>ipsa</span> <span class='ocrx_word' id='word_1_193' title='bbox 1121 3832 1243 3901; x_wconf 78' lang='lat' dir='ltr'>multu</span> 
     </span>
    </p>
   </div>
   <div class='ocr_carea' id='block_1_6' title="bbox 204 3940 1243 4139">
    <p class='ocr_par' dir='ltr' id='par_1_11' title="bbox 204 3940 1243 4139">
     <span class='ocr_line' id='line_1_32' title="bbox 204 3940 1243 4033; baseline -0.006 -20"><span class='ocrx_word' id='word_1_194' title='bbox 204 3950 333 4033; x_wconf 82' lang='lat' dir='ltr'>accepit</span> <span class='ocrx_word' id='word_1_195' title='bbox 345 3946 597 4033; x_wconf 78' lang='lat' dir='ltr'>possessiones3</span> <span class='ocrx_word' id='word_1_196' title='bbox 618 3945 764 4011; x_wconf 82' lang='lat' dir='ltr'>Elisabel</span> <span class='ocrx_word' id='word_1_197' title='bbox 785 3944 983 4011; x_wconf 85' lang='lat' dir='ltr'>uocabatur.</span> <span class='ocrx_word' id='word_1_198' title='bbox 998 3940 1120 4025; x_wconf 73' lang='lat' dir='ltr'>(luido,</span> <span class='ocrx_word' id='word_1_199' title='bbox 1139 3940 1243 4007; x_wconf 82' lang='lat' dir='ltr'>Seno-</span> 
     </span>
     <span class='ocr_line' id='line_1_33' title="bbox 204 4046 1240 4139; baseline -0.008 -20"><span class='ocrx_word' id='word_1_200' title='bbox 204 4056 319 4119; x_wconf 89' lang='lat' dir='ltr'>nensis</span> <span class='ocrx_word' id='word_1_201' title='bbox 356 4052 640 4139; x_wconf 89' lang='lat' dir='ltr'>archiepiscopus,</span> <span class='ocrx_word' id='word_1_202' title='bbox 673 4062 794 4121; x_wconf 87' lang='lat' dir='ltr'>contra</span> <span class='ocrx_word' id='word_1_203' title='bbox 824 4050 1033 4119; x_wconf 86' lang='lat' dir='ltr'>uoluntatem</span> <span class='ocrx_word' id='word_1_204' title='bbox 1069 4046 1240 4115; x_wconf 84' lang='lat' dir='ltr'>Gnillelmi</span> 
     </span>
    </p>
   </div>
   <div class='ocr_carea' id='block_1_7' title="bbox 0 0 1464 5046">
    <p class='ocr_par' dir='ltr' id='par_1_12' title="bbox 0 0 1464 5046">
     <span class='ocr_line' id='line_1_34' title="bbox 0 0 1464 5046; baseline 0 0"><span class='ocrx_word' id='word_1_205' title='bbox 0 0 1464 5046; x_wconf 95' lang='lat' dir='ltr'> </span> 
     </span>
    </p>
   </div>
  </div>
 </body>
</html>
