<?xml version="1.0" encoding="UTF-8"?>
<!DOCTYPE html PUBLIC "-//W3C//DTD XHTML 1.0 Transitional//EN"
    "http://www.w3.org/TR/xhtml1/DTD/xhtml1-transitional.dtd">
<html xmlns="http://www.w3.org/1999/xhtml" xml:lang="en" lang="en">
 <head>
  <title>
</title>
<meta http-equiv="Content-Type" content="text/html;charset=utf-8" />
  <meta name='ocr-system' content='tesseract 3.04.00' />
  <meta name='ocr-capabilities' content='ocr_page ocr_carea ocr_par ocr_line ocrx_word'/>
</head>
<body>
  <div class='ocr_page' id='page_1' title='image "./chroniquedelabb00fragoog_0288.png"; bbox 0 0 2970 5430; ppageno 0'>
   <div class='ocr_carea' id='block_1_1' title="bbox 707 476 868 533">
    <p class='ocr_par' dir='ltr' id='par_1_1' title="bbox 707 476 868 533">
     <span class='ocr_line' id='line_1_1' title="bbox 707 476 868 533; baseline -0.037 -13"><span class='ocrx_word' id='word_1_1' title='bbox 707 476 868 533; x_wconf 66' lang='grc'>..954-</span> 
     </span>
    </p>
   </div>
   <div class='ocr_carea' id='block_1_2' title="bbox 221 597 1317 1954">
    <p class='ocr_par' dir='ltr' id='par_1_2' title="bbox 273 597 1309 778">
     <span class='ocr_line' id='line_1_2' title="bbox 278 597 1309 692; baseline -0.009 -20"><span class='ocrx_word' id='word_1_2' title='bbox 278 611 347 683; x_wconf 89' lang='lat' dir='ltr'>tur,</span> <span class='ocrx_word' id='word_1_3' title='bbox 360 610 395 672; x_wconf 86' lang='lat' dir='ltr'>et</span> <span class='ocrx_word' id='word_1_4' title='bbox 411 605 445 670; x_wconf 95' lang='lat' dir='ltr'>in</span> <span class='ocrx_word' id='word_1_5' title='bbox 462 603 706 671; x_wconf 83' lang='lat' dir='ltr'>sestiuitatibus</span> <span class='ocrx_word' id='word_1_6' title='bbox 716 605 822 692; x_wconf 89' lang='lat' dir='ltr'>ipsius</span> <span class='ocrx_word' id='word_1_7' title='bbox 838 604 960 680; x_wconf 85' lang='lat' dir='ltr'>sancti,</span> <span class='ocrx_word' id='word_1_8' title='bbox 978 603 1083 669; x_wconf 87' lang='lat' dir='ltr'>missa</span> <span class='ocrx_word' id='word_1_9' title='bbox 1093 599 1136 667; x_wconf 91' lang='lat' dir='ltr'>ad</span> <span class='ocrx_word' id='word_1_10' title='bbox 1150 597 1309 667; x_wconf 83' lang='lat' dir='ltr'>maiusal·</span> 
     </span>
     <span class='ocr_line' id='line_1_3' title="bbox 273 710 913 778; baseline 0 -1"><span class='ocrx_word' id='word_1_11' title='bbox 273 718 348 778; x_wconf 89' lang='lat' dir='ltr'>tare</span> <span class='ocrx_word' id='word_1_12' title='bbox 368 733 442 778; x_wconf 88' lang='lat' dir='ltr'>cum</span> <span class='ocrx_word' id='word_1_13' title='bbox 455 713 570 778; x_wconf 90' lang='lat' dir='ltr'>eadem</span> <span class='ocrx_word' id='word_1_14' title='bbox 589 710 696 778; x_wconf 78' lang='lat' dir='ltr'>infula</span> <span class='ocrx_word' id='word_1_15' title='bbox 713 711 913 777; x_wconf 87' lang='lat' dir='ltr'>celebratur.</span> 
     </span>
    </p>

    <p class='ocr_par' dir='ltr' id='par_1_3' title="bbox 272 814 1312 1437">
     <span class='ocr_line' id='line_1_4' title="bbox 316 814 1310 906; baseline -0.006 -22"><span class='ocrx_word' id='word_1_16' title='bbox 316 819 378 884; x_wconf 87' lang='lat' dir='ltr'>Illo</span> <span class='ocrx_word' id='word_1_17' title='bbox 404 826 567 906; x_wconf 88' lang='lat' dir='ltr'>tempore,</span> <span class='ocrx_word' id='word_1_18' title='bbox 587 819 797 906; x_wconf 85' lang='lat' dir='ltr'>Dagobertus</span> <span class='ocrx_word' id='word_1_19' title='bbox 824 839 885 885; x_wconf 82' lang='lat' dir='ltr'>rex</span> <span class='ocrx_word' id='word_1_20' title='bbox 901 818 1025 895; x_wconf 85' lang='lat' dir='ltr'>iunior,</span> <span class='ocrx_word' id='word_1_21' title='bbox 1052 835 1152 902; x_wconf 92' lang='lat' dir='ltr'>quem</span> <span class='ocrx_word' id='word_1_22' title='bbox 1169 814 1310 881; x_wconf 87' lang='lat' dir='ltr'>Karolus</span> 
     </span>
     <span class='ocr_line' id='line_1_5' title="bbox 277 924 1310 1012; baseline -0.005 -22"><span class='ocrx_word' id='word_1_23' title='bbox 277 925 425 991; x_wconf 80' lang='lat' dir='ltr'>llartelli</span> <span class='ocrx_word' id='word_1_24' title='bbox 448 926 670 1012; x_wconf 86' lang='lat' dir='ltr'>gubernabat,</span> <span class='ocrx_word' id='word_1_25' title='bbox 686 926 781 993; x_wconf 89' lang='lat' dir='ltr'>obiit.</span> <span class='ocrx_word' id='word_1_26' title='bbox 801 924 953 991; x_wconf 84' lang='lat' dir='ltr'>Secundo</span> <span class='ocrx_word' id='word_1_27' title='bbox 968 943 1059 990; x_wconf 88' lang='lat' dir='ltr'>anno</span> <span class='ocrx_word' id='word_1_28' title='bbox 1073 926 1152 1010; x_wconf 86' lang='lat' dir='ltr'>post</span> <span class='ocrx_word' id='word_1_29' title='bbox 1174 926 1310 987; x_wconf 87' lang='lat' dir='ltr'>mortem</span> 
     </span>
     <span class='ocr_line' id='line_1_6' title="bbox 273 1026 1312 1118; baseline 0 -23"><span class='ocrx_word' id='word_1_30' title='bbox 273 1032 378 1117; x_wconf 86' lang='lat' dir='ltr'>ipsius</span> <span class='ocrx_word' id='word_1_31' title='bbox 399 1031 593 1118; x_wconf 85' lang='lat' dir='ltr'>Dagoberti,</span> <span class='ocrx_word' id='word_1_32' title='bbox 610 1038 775 1118; x_wconf 80' lang='lat' dir='ltr'>regnante</span> <span class='ocrx_word' id='word_1_33' title='bbox 791 1032 862 1097; x_wconf 89' lang='lat' dir='ltr'>solo</span> <span class='ocrx_word' id='word_1_34' title='bbox 878 1031 1012 1097; x_wconf 86' lang='lat' dir='ltr'>nomina</span> <span class='ocrx_word' id='word_1_35' title='bbox 1029 1028 1252 1107; x_wconf 77' lang='lat' dir='ltr'>Theoderico,</span> <span class='ocrx_word' id='word_1_36' title='bbox 1280 1026 1312 1095; x_wconf 79' lang='lat' dir='ltr'>o-</span> 
     </span>
     <span class='ocr_line' id='line_1_7' title="bbox 272 1136 1312 1227; baseline 0 -27"><span class='ocrx_word' id='word_1_37' title='bbox 272 1136 317 1200; x_wconf 91' lang='lat' dir='ltr'>lio</span> <span class='ocrx_word' id='word_1_38' title='bbox 332 1137 510 1224; x_wconf 83' lang='lat' dir='ltr'>Dagoberti</span> <span class='ocrx_word' id='word_1_39' title='bbox 526 1137 681 1224; x_wconf 78' lang='lat' dir='ltr'>predicti,</span> <span class='ocrx_word' id='word_1_40' title='bbox 695 1137 805 1204; x_wconf 82' lang='lat' dir='ltr'>dictus</span> <span class='ocrx_word' id='word_1_41' title='bbox 821 1136 1136 1227; x_wconf 82' lang='lat' dir='ltr'>Karalus-Martelli</span> <span class='ocrx_word' id='word_1_42' title='bbox 1150 1137 1312 1224; x_wconf 80' lang='lat' dir='ltr'>pugnauit</span> 
     </span>
     <span class='ocr_line' id='line_1_8' title="bbox 273 1244 1312 1331; baseline -0.003 -22"><span class='ocrx_word' id='word_1_43' title='bbox 273 1244 419 1311; x_wconf 87' lang='lat' dir='ltr'>uiriliter</span> <span class='ocrx_word' id='word_1_44' title='bbox 434 1244 521 1331; x_wconf 89' lang='lat' dir='ltr'>apud</span> <span class='ocrx_word' id='word_1_45' title='bbox 546 1245 717 1311; x_wconf 85' lang='lat' dir='ltr'>Coloniam</span> <span class='ocrx_word' id='word_1_46' title='bbox 735 1255 854 1311; x_wconf 86' lang='lat' dir='ltr'>contra</span> <span class='ocrx_word' id='word_1_47' title='bbox 873 1244 1086 1331; x_wconf 81' lang='lat' dir='ltr'>llodulp&#39;hum</span> <span class='ocrx_word' id='word_1_48' title='bbox 1109 1263 1172 1331; x_wconf 91' lang='lat' dir='ltr'>pro</span> <span class='ocrx_word' id='word_1_49' title='bbox 1187 1262 1267 1331; x_wconf 86' lang='lat' dir='ltr'>rege</span> <span class='ocrx_word' id='word_1_50' title='bbox 1281 1252 1312 1307; x_wconf 87' lang='lat' dir='ltr'>et</span> 
     </span>
     <span class='ocr_line' id='line_1_9' title="bbox 273 1371 390 1437; baseline 0.009 -21"><span class='ocrx_word' id='word_1_51' title='bbox 273 1371 390 1437; x_wconf 81' lang='lat' dir='ltr'>regno.</span> 
     </span>
    </p>

    <p class='ocr_par' dir='ltr' id='par_1_4' title="bbox 317 1457 1309 1545">
     <span class='ocr_line' id='line_1_10' title="bbox 317 1457 1309 1545; baseline -0.001 -21"><span class='ocrx_word' id='word_1_52' title='bbox 317 1459 440 1527; x_wconf 87' lang='lat' dir='ltr'>Sancto</span> <span class='ocrx_word' id='word_1_53' title='bbox 469 1460 604 1525; x_wconf 87' lang='lat' dir='ltr'>Ebbone</span> <span class='ocrx_word' id='word_1_54' title='bbox 627 1460 668 1526; x_wconf 91' lang='lat' dir='ltr'>ad</span> <span class='ocrx_word' id='word_1_55' title='bbox 697 1459 828 1524; x_wconf 89' lang='lat' dir='ltr'>culmen</span> <span class='ocrx_word' id='word_1_56' title='bbox 856 1457 1151 1545; x_wconf 66' lang='lat' dir='ltr'>archipraesulatus</span> <span class='ocrx_word' id='word_1_57' title='bbox 1181 1462 1309 1533; x_wconf 83' lang='lat' dir='ltr'>uocato,</span> 
     </span>
    </p>

    <p class='ocr_par' dir='ltr' id='par_1_5' title="bbox 221 1562 1317 1954">
     <span class='ocr_line' id='line_1_11' title="bbox 221 1562 1315 1653; baseline -0.004 -19"><span class='ocrx_word' id='word_1_58' title='bbox 221 1569 254 1624; x_wconf 79' lang='lat'>10</span> <span class='ocrx_word' id='word_1_59' title='bbox 272 1565 485 1644; x_wconf 90' lang='lat' dir='ltr'>Crodolinus,</span> <span class='ocrx_word' id='word_1_60' title='bbox 504 1568 558 1631; x_wconf 91' lang='lat' dir='ltr'>uir</span> <span class='ocrx_word' id='word_1_61' title='bbox 573 1562 722 1644; x_wconf 81' lang='lat' dir='ltr'>inclitus,</span> <span class='ocrx_word' id='word_1_62' title='bbox 739 1566 882 1652; x_wconf 80' lang='lat' dir='ltr'><strong>simplex</strong></span> <span class='ocrx_word' id='word_1_63' title='bbox 896 1573 930 1633; x_wconf 87' lang='lat' dir='ltr'>et</span> <span class='ocrx_word' id='word_1_64' title='bbox 946 1565 1141 1653; x_wconf 82' lang='lat' dir='ltr'>religiosus,</span> <span class='ocrx_word' id='word_1_65' title='bbox 1157 1563 1315 1632; x_wconf 80' lang='lat' dir='ltr'>sanctita·</span> 
     </span>
     <span class='ocr_line' id='line_1_12' title="bbox 273 1668 1315 1760; baseline -0.005 -21"><span class='ocrx_word' id='word_1_66' title='bbox 273 1674 318 1739; x_wconf 91' lang='lat' dir='ltr'>tis</span> <span class='ocrx_word' id='word_1_67' title='bbox 334 1675 489 1760; x_wconf 92' lang='lat' dir='ltr'>opinione</span> <span class='ocrx_word' id='word_1_68' title='bbox 506 1673 669 1750; x_wconf 86' lang='lat' dir='ltr'>famosus,</span> <span class='ocrx_word' id='word_1_69' title='bbox 689 1672 793 1738; x_wconf 90' lang='lat' dir='ltr'>abbas</span> <span class='ocrx_word' id='word_1_70' title='bbox 807 1671 872 1739; x_wconf 88' lang='lat' dir='ltr'>fuit</span> <span class='ocrx_word' id='word_1_71' title='bbox 884 1670 1226 1739; x_wconf 86' lang='lat' dir='ltr'>Sancti-Petri-Viui.</span> <span class='ocrx_word' id='word_1_72' title='bbox 1251 1668 1315 1737; x_wconf 85' lang='lat' dir='ltr'>Sub</span> 
     </span>
     <span class='ocr_line' id='line_1_13' title="bbox 273 1776 1317 1868; baseline -0.002 -23"><span class='ocrx_word' id='word_1_73' title='bbox 273 1782 358 1867; x_wconf 91' lang='lat' dir='ltr'>ipso,</span> <span class='ocrx_word' id='word_1_74' title='bbox 379 1788 516 1849; x_wconf 88' lang='lat' dir='ltr'>sanctus</span> <span class='ocrx_word' id='word_1_75' title='bbox 526 1782 707 1858; x_wconf 89' lang='lat' dir='ltr'>Paternus,</span> <span class='ocrx_word' id='word_1_76' title='bbox 724 1786 856 1868; x_wconf 78' lang='lat' dir='ltr'><strong>martyr</strong></span> <span class='ocrx_word' id='word_1_77' title='bbox 869 1781 997 1867; x_wconf 89' lang='lat' dir='ltr'>Xpisti,</span> <span class='ocrx_word' id='word_1_78' title='bbox 1016 1780 1051 1845; x_wconf 91' lang='lat' dir='ltr'>in</span> <span class='ocrx_word' id='word_1_79' title='bbox 1073 1776 1166 1847; x_wconf 84' lang='lat' dir='ltr'>dioto</span> <span class='ocrx_word' id='word_1_80' title='bbox 1187 1796 1317 1845; x_wconf 85' lang='lat' dir='ltr'>monas·</span> 
     </span>
     <span class='ocr_line' id='line_1_14' title="bbox 275 1887 658 1954; baseline 0 -2"><span class='ocrx_word' id='word_1_81' title='bbox 275 1887 361 1952; x_wconf 90' lang='lat' dir='ltr'>terio</span> <span class='ocrx_word' id='word_1_82' title='bbox 374 1888 558 1953; x_wconf 84' lang='lat' dir='ltr'>monachus</span> <span class='ocrx_word' id='word_1_83' title='bbox 572 1893 658 1954; x_wconf 84' lang='lat' dir='ltr'>erat.</span> 
     </span>
    </p>
   </div>
   <div class='ocr_carea' id='block_1_3' title="bbox 195 2098 1321 4228">
    <p class='ocr_par' dir='ltr' id='par_1_6' title="bbox 274 2098 1319 2403">
     <span class='ocr_line' id='line_1_15' title="bbox 318 2098 1316 2180; baseline -0.002 -12"><span class='ocrx_word' id='word_1_84' title='bbox 318 2101 484 2168; x_wconf 77' lang='lat' dir='ltr'>Defuncto</span> <span class='ocrx_word' id='word_1_85' title='bbox 501 2102 696 2180; x_wconf 89' lang='lat' dir='ltr'>Crodolino‚</span> <span class='ocrx_word' id='word_1_86' title='bbox 714 2101 870 2168; x_wconf 88' lang='lat' dir='ltr'>dominus</span> <span class='ocrx_word' id='word_1_87' title='bbox 883 2101 1088 2169; x_wconf 90' lang='lat' dir='ltr'>Viraibodus</span> <span class='ocrx_word' id='word_1_88' title='bbox 1116 2099 1224 2167; x_wconf 85' lang='lat' dir='ltr'>abbas</span> <span class='ocrx_word' id='word_1_89' title='bbox 1240 2098 1316 2167; x_wconf 79' lang='lat' dir='ltr'>fuit.</span> 
     </span>
     <span class='ocr_line' id='line_1_16' title="bbox 278 2206 1319 2296; baseline 0.001 -24"><span class='ocrx_word' id='word_1_90' title='bbox 278 2207 353 2272; x_wconf 89' lang='lat' dir='ltr'>Hiis</span> <span class='ocrx_word' id='word_1_91' title='bbox 369 2207 588 2294; x_wconf 89' lang='lat' dir='ltr'>temporibus,</span> <span class='ocrx_word' id='word_1_92' title='bbox 608 2209 965 2275; x_wconf 86' lang='lat' dir='ltr'>ecclesiaSenonensis</span> <span class='ocrx_word' id='word_1_93' title='bbox 989 2228 1071 2296; x_wconf 86' lang='lat' dir='ltr'>paea</span> <span class='ocrx_word' id='word_1_94' title='bbox 1091 2212 1128 2276; x_wconf 84' lang='lat' dir='ltr'>et</span> <span class='ocrx_word' id='word_1_95' title='bbox 1154 2206 1319 2275; x_wconf 85' lang='lat' dir='ltr'>bonitatis</span> 
     </span>
     <span class='ocr_line' id='line_1_17' title="bbox 274 2316 643 2403; baseline 0.005 -23"><span class='ocrx_word' id='word_1_96' title='bbox 274 2316 397 2402; x_wconf 85' lang='lat' dir='ltr'>gaudio</span> <span class='ocrx_word' id='word_1_97' title='bbox 414 2316 643 2403; x_wconf 83' lang='lat' dir='ltr'>permanebat.</span> 
     </span>
    </p>

    <p class='ocr_par' dir='ltr' id='par_1_7' title="bbox 195 2421 1319 2618">
     <span class='ocr_line' id='line_1_18' title="bbox 318 2421 1317 2511; baseline 0 -22"><span class='ocrx_word' id='word_1_98' title='bbox 318 2422 416 2489; x_wconf 79' lang='lat' dir='ltr'>Anno</span> <span class='ocrx_word' id='word_1_99' title='bbox 429 2424 564 2489; x_wconf 87' lang='lat' dir='ltr'>Domini</span> <span class='ocrx_word' id='word_1_100' title='bbox 584 2424 886 2511; x_wconf 82' lang='lat' dir='ltr'>septingentesimo</span> <span class='ocrx_word' id='word_1_101' title='bbox 903 2423 1164 2511; x_wconf 80' lang='lat' dir='ltr'>quadragesimo</span> <span class='ocrx_word' id='word_1_102' title='bbox 1195 2421 1317 2511; x_wconf 84' lang='lat' dir='ltr'>primo,</span> 
     </span>
     <span class='ocr_line' id='line_1_19' title="bbox 195 2527 1319 2618; baseline 0 -24"><span class='ocrx_word' id='word_1_103' title='bbox 195 2608 199 2614; x_wconf 37' lang='grc'>,</span> <span class='ocrx_word' id='word_1_104' title='bbox 275 2529 422 2595; x_wconf 80' lang='lat' dir='ltr'>Karalus</span> <span class='ocrx_word' id='word_1_105' title='bbox 446 2531 595 2597; x_wconf 89' lang='lat' dir='ltr'>Martelli</span> <span class='ocrx_word' id='word_1_106' title='bbox 622 2531 716 2614; x_wconf 88' lang='lat' dir='ltr'>obiit,</span> <span class='ocrx_word' id='word_1_107' title='bbox 744 2536 778 2598; x_wconf 87' lang='lat' dir='ltr'>et</span> <span class='ocrx_word' id='word_1_108' title='bbox 803 2538 962 2618; x_wconf 88' lang='lat' dir='ltr'>utsupra</span> <span class='ocrx_word' id='word_1_109' title='bbox 982 2531 1108 2599; x_wconf 84' lang='lat' dir='ltr'>dictum</span> <span class='ocrx_word' id='word_1_110' title='bbox 1131 2534 1200 2610; x_wconf 87' lang='lat' dir='ltr'>est,</span> <span class='ocrx_word' id='word_1_111' title='bbox 1230 2527 1319 2617; x_wconf 87' lang='lat' dir='ltr'>apud</span> 
     </span>
    </p>

    <p class='ocr_par' dir='ltr' id='par_1_8' title="bbox 220 2636 1321 2834">
     <span class='ocr_line' id='line_1_20' title="bbox 274 2636 1320 2725; baseline 0.001 -23"><span class='ocrx_word' id='word_1_112' title='bbox 274 2636 655 2724; x_wconf 86' lang='lat' dir='ltr'>Sanctum-Dyonisium</span> <span class='ocrx_word' id='word_1_113' title='bbox 672 2640 845 2725; x_wconf 88' lang='lat' dir='ltr'>sepelitur.</span> <span class='ocrx_word' id='word_1_114' title='bbox 871 2640 937 2706; x_wconf 85' lang='lat' dir='ltr'>Hic</span> <span class='ocrx_word' id='word_1_115' title='bbox 953 2658 1008 2705; x_wconf 86' lang='lat' dir='ltr'>res</span> <span class='ocrx_word' id='word_1_116' title='bbox 1025 2643 1061 2705; x_wconf 89' lang='lat' dir='ltr'>et</span> <span class='ocrx_word' id='word_1_117' title='bbox 1085 2636 1239 2705; x_wconf 86' lang='lat' dir='ltr'>decimas</span> <span class='ocrx_word' id='word_1_118' title='bbox 1264 2656 1320 2703; x_wconf 86' lang='lat' dir='ltr'>eo-</span> 
     </span>
     <span class='ocr_line' id='line_1_21' title="bbox 220 2740 1321 2834; baseline -0.002 -26"><span class='ocrx_word' id='word_1_119' title='bbox 220 2752 256 2809; x_wconf 70' lang='lat'>‘20</span> <span class='ocrx_word' id='word_1_120' title='bbox 276 2743 467 2823; x_wconf 89' lang='lat' dir='ltr'>clesiarum,</span> <span class='ocrx_word' id='word_1_121' title='bbox 497 2751 636 2834; x_wconf 88' lang='lat' dir='ltr'>propter</span> <span class='ocrx_word' id='word_1_122' title='bbox 672 2746 908 2813; x_wconf 86' lang='lat' dir='ltr'>assiduitatem</span> <span class='ocrx_word' id='word_1_123' title='bbox 943 2745 1120 2824; x_wconf 83' lang='lat' dir='ltr'>bellorum,</span> <span class='ocrx_word' id='word_1_124' title='bbox 1149 2740 1321 2811; x_wconf 89' lang='lat' dir='ltr'>nobilibus</span> 
     </span>
    </p>

    <p class='ocr_par' dir='ltr' id='par_1_9' title="bbox 275 2850 538 2920">
     <span class='ocr_line' id='line_1_22' title="bbox 275 2850 538 2920; baseline 0.019 -5"><span class='ocrx_word' id='word_1_125' title='bbox 275 2850 372 2918; x_wconf 88' lang='lat' dir='ltr'>laicis</span> <span class='ocrx_word' id='word_1_126' title='bbox 384 2852 538 2920; x_wconf 84' lang='lat' dir='ltr'>tradidit.</span> 
     </span>
    </p>

    <p class='ocr_par' dir='ltr' id='par_1_10' title="bbox 276 2958 1320 3155">
     <span class='ocr_line' id='line_1_23' title="bbox 319 2958 1320 3049; baseline 0 -24"><span class='ocrx_word' id='word_1_127' title='bbox 319 2961 397 3046; x_wconf 93' lang='lat' dir='ltr'>Ipso</span> <span class='ocrx_word' id='word_1_128' title='bbox 411 2967 557 3039; x_wconf 89' lang='lat' dir='ltr'>mortuo,</span> <span class='ocrx_word' id='word_1_129' title='bbox 576 2962 848 3048; x_wconf 85' lang='lat' dir='ltr'>Karolomagnus</span> <span class='ocrx_word' id='word_1_130' title='bbox 862 2967 897 3029; x_wconf 90' lang='lat' dir='ltr'>et</span> <span class='ocrx_word' id='word_1_131' title='bbox 914 2961 1069 3049; x_wconf 66' lang='lat' dir='ltr'>Pipinua</span> <span class='ocrx_word' id='word_1_132' title='bbox 1087 2961 1139 3027; x_wconf 90' lang='lat' dir='ltr'>sui</span> <span class='ocrx_word' id='word_1_133' title='bbox 1164 2958 1241 3039; x_wconf 85' lang='lat' dir='ltr'>filii,</span> <span class='ocrx_word' id='word_1_134' title='bbox 1264 2978 1320 3025; x_wconf 86' lang='lat' dir='ltr'>ro-</span> 
     </span>
     <span class='ocr_line' id='line_1_24' title="bbox 276 3069 586 3155; baseline 0.006 -23"><span class='ocrx_word' id='word_1_135' title='bbox 276 3069 586 3155; x_wconf 85' lang='lat' dir='ltr'>gnumtenuerunt.</span> 
     </span>
    </p>

    <p class='ocr_par' dir='ltr' id='par_1_11' title="bbox 277 3174 1320 3465">
     <span class='ocr_line' id='line_1_25' title="bbox 318 3174 1317 3264; baseline 0.004 -25"><span class='ocrx_word' id='word_1_136' title='bbox 318 3175 417 3239; x_wconf 82' lang='lat' dir='ltr'>Anno</span> <span class='ocrx_word' id='word_1_137' title='bbox 449 3174 581 3240; x_wconf 87' lang='lat' dir='ltr'>Domini</span> <span class='ocrx_word' id='word_1_138' title='bbox 615 3176 916 3262; x_wconf 84' lang='lat' dir='ltr'>septingentesimo</span> <span class='ocrx_word' id='word_1_139' title='bbox 954 3180 990 3243; x_wconf 85' lang='lat' dir='ltr'>st</span> <span class='ocrx_word' id='word_1_140' title='bbox 1023 3176 1317 3264; x_wconf 81' lang='lat' dir='ltr'>quinquagesimo,</span> 
     </span>
     <span class='ocr_line' id='line_1_26' title="bbox 277 3282 1320 3373; baseline 0.002 -26"><span class='ocrx_word' id='word_1_141' title='bbox 277 3282 417 3369; x_wconf 89' lang='lat' dir='ltr'>Pipinus</span> <span class='ocrx_word' id='word_1_142' title='bbox 431 3302 540 3348; x_wconf 90' lang='lat' dir='ltr'>nanus</span> <span class='ocrx_word' id='word_1_143' title='bbox 553 3284 588 3347; x_wconf 93' lang='lat' dir='ltr'>in</span> <span class='ocrx_word' id='word_1_144' title='bbox 601 3302 714 3370; x_wconf 88' lang='lat' dir='ltr'>regem</span> <span class='ocrx_word' id='word_1_145' title='bbox 727 3284 926 3366; x_wconf 75' lang='lat' dir='ltr'>electusest,</span> <span class='ocrx_word' id='word_1_146' title='bbox 940 3283 1144 3363; x_wconf 78' lang='lat' dir='ltr'>childerico,</span> <span class='ocrx_word' id='word_1_147' title='bbox 1157 3302 1240 3373; x_wconf 81' lang='lat' dir='ltr'>rege</span> <span class='ocrx_word' id='word_1_148' title='bbox 1249 3284 1320 3350; x_wconf 90' lang='lat' dir='ltr'>inn-</span> 
     </span>
     <span class='ocr_line' id='line_1_27' title="bbox 278 3388 773 3465; baseline 0.004 -9"><span class='ocrx_word' id='word_1_149' title='bbox 278 3388 344 3465; x_wconf 88' lang='lat' dir='ltr'>tili‚</span> <span class='ocrx_word' id='word_1_150' title='bbox 358 3395 534 3457; x_wconf 88' lang='lat' dir='ltr'>tonsorato</span> <span class='ocrx_word' id='word_1_151' title='bbox 550 3395 584 3457; x_wconf 87' lang='lat' dir='ltr'>et</span> <span class='ocrx_word' id='word_1_152' title='bbox 597 3391 773 3458; x_wconf 87' lang='lat' dir='ltr'>monachu.</span> 
     </span>
    </p>

    <p class='ocr_par' dir='ltr' id='par_1_12' title="bbox 321 3495 909 3575">
     <span class='ocr_line' id='line_1_28' title="bbox 321 3495 909 3575; baseline 0.01 -14"><span class='ocrx_word' id='word_1_153' title='bbox 321 3495 445 3563; x_wconf 87' lang='lat' dir='ltr'>Eodem</span> <span class='ocrx_word' id='word_1_154' title='bbox 457 3517 559 3575; x_wconf 84' lang='lat' dir='ltr'>anno,</span> <span class='ocrx_word' id='word_1_155' title='bbox 575 3499 659 3565; x_wconf 93' lang='lat' dir='ltr'>obiit</span> <span class='ocrx_word' id='word_1_156' title='bbox 673 3499 792 3567; x_wconf 87' lang='lat' dir='ltr'>beatus</span> <span class='ocrx_word' id='word_1_157' title='bbox 804 3499 909 3566; x_wconf 89' lang='lat' dir='ltr'>Ebbo.</span> 
     </span>
    </p>

    <p class='ocr_par' dir='ltr' id='par_1_13' title="bbox 276 3601 1319 3798">
     <span class='ocr_line' id='line_1_29' title="bbox 320 3601 1319 3692; baseline 0.003 -26"><span class='ocrx_word' id='word_1_158' title='bbox 320 3601 383 3667; x_wconf 90' lang='lat' dir='ltr'>lllo</span> <span class='ocrx_word' id='word_1_159' title='bbox 404 3608 567 3690; x_wconf 88' lang='lat' dir='ltr'>tempore,</span> <span class='ocrx_word' id='word_1_160' title='bbox 592 3604 736 3690; x_wconf 87' lang='lat' dir='ltr'>reliquie</span> <span class='ocrx_word' id='word_1_161' title='bbox 754 3607 864 3671; x_wconf 89' lang='lat' dir='ltr'>sancti</span> <span class='ocrx_word' id='word_1_162' title='bbox 883 3604 1068 3692; x_wconf 78' lang='lat' dir='ltr'>Augustini</span> <span class='ocrx_word' id='word_1_163' title='bbox 1092 3603 1135 3671; x_wconf 85' lang='lat' dir='ltr'>de</span> <span class='ocrx_word' id='word_1_164' title='bbox 1160 3602 1319 3673; x_wconf 84' lang='lat' dir='ltr'>Sardinia</span> 
     </span>
     <span class='ocr_line' id='line_1_30' title="bbox 276 3710 715 3798; baseline 0.007 -22"><span class='ocrx_word' id='word_1_165' title='bbox 276 3711 310 3776; x_wconf 91' lang='lat' dir='ltr'>in</span> <span class='ocrx_word' id='word_1_166' title='bbox 324 3710 463 3797; x_wconf 88' lang='lat' dir='ltr'>Papiam</span> <span class='ocrx_word' id='word_1_167' title='bbox 482 3711 715 3798; x_wconf 87' lang='lat' dir='ltr'>deportantur.</span> 
     </span>
    </p>

    <p class='ocr_par' dir='ltr' id='par_1_14' title="bbox 224 3817 1318 4003">
     <span class='ocr_line' id='line_1_31' title="bbox 224 3817 1318 3909; baseline 0.004 -27"><span class='ocrx_word' id='word_1_168' title='bbox 224 3834 257 3890; x_wconf 84' lang='lat'>30</span> <span class='ocrx_word' id='word_1_169' title='bbox 321 3818 397 3883; x_wconf 89' lang='lat' dir='ltr'>Hiis</span> <span class='ocrx_word' id='word_1_170' title='bbox 410 3819 629 3906; x_wconf 68' lang='lat' dir='ltr'>temporibua</span> <span class='ocrx_word' id='word_1_171' title='bbox 648 3821 827 3889; x_wconf 77' lang='lat' dir='ltr'>sarraceni</span> <span class='ocrx_word' id='word_1_172' title='bbox 840 3820 1172 3909; x_wconf 88' lang='lat' dir='ltr'>Constantinopolim</span> <span class='ocrx_word' id='word_1_173' title='bbox 1184 3817 1318 3887; x_wconf 82' lang='lat' dir='ltr'>obsede·</span> 
     </span>
     <span class='ocr_line' id='line_1_32' title="bbox 277 3927 911 4003; baseline 0.005 -10"><span class='ocrx_word' id='word_1_174' title='bbox 277 3931 369 4003; x_wconf 85' lang='lat' dir='ltr'>runt,</span> <span class='ocrx_word' id='word_1_175' title='bbox 387 3931 421 3993; x_wconf 88' lang='lat' dir='ltr'>et</span> <span class='ocrx_word' id='word_1_176' title='bbox 441 3927 513 3992; x_wconf 92' lang='lat' dir='ltr'>sine</span> <span class='ocrx_word' id='word_1_177' title='bbox 525 3928 669 3994; x_wconf 82' lang='lat' dir='ltr'>victoria</span> <span class='ocrx_word' id='word_1_178' title='bbox 685 3934 911 3996; x_wconf 85' lang='lat' dir='ltr'>recesserunt.</span> 
     </span>
    </p>

    <p class='ocr_par' dir='ltr' id='par_1_15' title="bbox 276 4033 1318 4228">
     <span class='ocr_line' id='line_1_33' title="bbox 322 4033 1318 4124; baseline -0.001 -25"><span class='ocrx_word' id='word_1_179' title='bbox 322 4033 384 4102; x_wconf 92' lang='lat' dir='ltr'>Illo</span> <span class='ocrx_word' id='word_1_180' title='bbox 407 4039 568 4122; x_wconf 85' lang='lat' dir='ltr'>tempore,</span> <span class='ocrx_word' id='word_1_181' title='bbox 602 4036 707 4102; x_wconf 86' lang='lat' dir='ltr'>Rome</span> <span class='ocrx_word' id='word_1_182' title='bbox 724 4056 785 4124; x_wconf 90' lang='lat' dir='ltr'>per</span> <span class='ocrx_word' id='word_1_183' title='bbox 799 4037 1027 4124; x_wconf 84' lang='lat' dir='ltr'>pestilentiam</span> <span class='ocrx_word' id='word_1_184' title='bbox 1052 4038 1210 4104; x_wconf 73' lang='lat' dir='ltr'>trecenta</span> <span class='ocrx_word' id='word_1_185' title='bbox 1224 4034 1318 4103; x_wconf 82' lang='lat' dir='ltr'>milia</span> 
     </span>
     <span class='ocr_line' id='line_1_34' title="bbox 276 4141 649 4228; baseline 0.003 -21"><span class='ocrx_word' id='word_1_186' title='bbox 276 4141 449 4208; x_wconf 90' lang='lat' dir='ltr'>hominum</span> <span class='ocrx_word' id='word_1_187' title='bbox 464 4144 649 4228; x_wconf 89' lang='lat' dir='ltr'>perierunt.</span> 
     </span>
    </p>
   </div>
   <div class='ocr_carea' id='block_1_4' title="bbox 0 0 1507 5430">
    <p class='ocr_par' dir='ltr' id='par_1_16' title="bbox 0 0 1507 5430">
     <span class='ocr_line' id='line_1_35' title="bbox 0 0 1507 5430; baseline 0 0"><span class='ocrx_word' id='word_1_188' title='bbox 0 0 1507 5430; x_wconf 95' lang='lat' dir='ltr'> </span> 
     </span>
    </p>
   </div>
  </div>
 </body>
</html>
