2970 5430
710 399 871 454 -252-

271 546 331 590 rex
350 528 577 605 Francorum;
606 530 658 594 cui
675 529 838 593 successit
853 525 1066 612 Dagobertus
1084 526 1210 603 iunior,
1221 523 1301 591 filios

272 650 364 694 suus,
396 632 535 716 Pipinas
552 636 676 712 senior,
708 635 864 720 princeps
894 634 1116 710 Francorum,
1147 630 1245 710 obiit,
1272 637 1303 699 et

272 737 412 802 Carolus
425 740 456 803 li
462 741 573 805 artelli
590 741 699 808 factus
717 746 769 807 est
782 743 947 827 princeps

317 845 379 909 Illo
398 845 560 931 siquidem
585 856 748 933 tempore,
768 855 905 915 sanctus
935 846 1040 925 Ebbo,
1061 846 1153 913 illius
1179 847 1304 914 comitis

272 950 537 1017 l'ernodorensis
554 954 626 1019 iure
651 955 869 1032 hereditario,
889 960 924 1021 et
938 958 1057 1041 postea
1072 954 1231 1033 clericus,
1255 972 1305 1019 re·

272 1058 425 1144 linquens
441 1062 612 1140 inondum,
632 1064 815 1127 monachus
844 1063 953 1127 lactus
979 1072 1033 1127 est
1052 1062 1087 1126 in
1105 1061 1306 1127 monasterio

272 1166 608 1235 Sancti-Petri·Uiui.
625 1170 669 1236 Et
686 1170 843 1237 defuncto
859 1168 1026 1256 alygilone
1049 1168 1185 1246 abbate,
1203 1168 1306 1235 tactus

272 1280 325 1340 est
339 1275 442 1341 abbas
455 1277 634 1343 laudabilis
649 1284 683 1345 et
699 1279 874 1343 honestus,

317 1381 453 1460 Postea,
474 1384 617 1451 obeunte
631 1385 765 1451 domino
778 1386 911 1463 Gerico,
927 1383 1094 1450 auunculo
1118 1401 1194 1460 suo,
1208 1382 1308 1450 Seno·

223 1501 254 1555 to
272 1507 376 1553 nense
390 1490 652 1578 archiepiscopo
671 1492 757 1556 illem
775 1489 1012 1558 sanctusEbbo
1025 1491 1234 1557 Sunonensis
1248 1490 1307 1556 Ec-

272 1595 372 1659 olesie
397 1596 606 1682 archipresul
630 1603 682 1663 est
705 1597 856 1664 effectus.
885 1596 1047 1662 Precibus
1074 1598 1185 1682 ipsius
1205 1596 1307 1662 sancti

272 1701 430 1779 Ebbonis,
454 1705 575 1771 ciuitas
605 1706 769 1770 Senonica
789 1705 829 1770 ab
855 1704 1035 1770 Wandalis
1055 1703 1259 1770 miraculose
1275 1703 1309 1767 li·

272 1810 390 1874 borota
414 1810 490 1878 fuit.
514 1813 575 1887 Qui
607 1813 769 1878 Wandali
791 1834 851 1899 per
866 1812 994 1879 Gallias
1010 1812 1233 1889 monasteria,
1257 1830 1309 1876 oc·

272 1917 405 1995 clesias,
424 1920 581 2005 capellas
605 1922 775 1997 ciuitates,
802 1927 925 1989 castra,
943 1917 1043 1984 uillas
1059 1923 1093 1984 et
1110 1917 1238 1984 multos
1251 1914 1310 1983 ho·

273 2025 379 2089 mines
411 2046 487 2099 cum,
507 2027 691 2113 sepulturis
730 2027 911 2092 multorum
948 2024 1096 2089 fidelium
1133 2023 1310 2091 destruxe-

273 2135 364 2196 runt..

318 2237 411 2315 Post,
430 2241 500 2304 reri
519 2241 577 2305 Dei
596 2245 745 2316 sanctus,
765 2239 855 2305 Elbo
870 2239 1053 2325 predictus
1076 2238 1142 2304 soli
1156 2238 1227 2304 Doo
1240 2236 1310 2324 pla-

273 2363 348 2407 cere
369 2348 517 2430 cripiens,
537 2348 768 2412 heremiticam
786 2349 888 2413 uitam
905 2346 1004 2412 duxit
1017 2345 1105 2433 apud
1131 2347 1308 2433 Arceyam,

274 2452 307 2515 in
329 2473 462 2519 nemore
486 2454 634 2519 (letonis.
654 2455 696 2518 Et
723 2475 800 2539 sepo
817 2456 959 2519 Senonis
976 2452 1124 2531 rediens,
1154 2453 1309 2541 populum

219 2567 253 2620 ‘20
274 2558 336 2623 sibi
350 2563 562 2625 commissum
580 2561 792 2625 illuminabat
815 2561 930 2638 uerbo,
949 2561 1134 2626 uirtutibus
1148 2566 1185 2627 et
1198 2579 1311 2627 exem-

274 2665 350 2749 plis,
385 2667 487 2733 Sexto
517 2667 679 2732 kalendas
710 2669 909 2744 clecornbris,
939 2669 1103 2753 migrauit
1132 2689 1153 2733 a
1185 2667 1307 2745 seculo,

275 2773 393 2837 uiuens
408 2775 441 2838 in
462 2776 602 2861 Xpisto;
620 2780 655 2840 et
678 2777 712 2840 in
739 2776 944 2842 monasterio
972 2774 1308 2850 Sancti-Petri-Uiui,

275 2879 307 2942 in
324 2881 474 2945 oratorio
489 2881 586 2947 burste
607 2883 714 2947 blane
730 2883 885 2967 virginis,
904 2884 957 2946 est
975 2879 1139 2965 sepultus.

640 2990 645 3015 l

320 3099 443 3165 Postea
479 3120 559 3165 uero
599 3120 763 3165 acutorum
795 3099 977 3164 multorum
1005 3096 1216 3184 temporibus
1247 3097 1311 3162 iam

276 3208 472 3283 transactis,
490 3226 579 3272 anno
594 3207 750 3272 rislelicet
776 3207 907 3271 Domini
938 3205 1117 3270 millesimo
1142 3203 1312 3270 tricesimo

275 3322 408 3398 quauta,
423 3335 543 3401 corpus
556 3316 661 3401 ipsius
678 3314 825 3379 lauaturn
843 3312 905 3377 luit
919 3312 1057 3388 deloco,
1076 3313 1112 3376 in
1124 3311 1313 3396 quoiacuc·

276 3430 342 3495 rat,
370 3432 518 3506 tompore
533 3422 658 3487 ‹lornini
682 3422 807 3493 Seuini,
825 3421 1029 3485 Senonensis
1056 3416 1311 3505 archiepiscopi,

276 3524 450 3612 ettilornini
467 3526 643 3604 Rainorrli,
663 3527 794 3591 abbatis
809 3525 1141 3591 Sancti-Petri-l‘iui
1158 3522 1311 3611 predicti.

322 3634 445 3697 Postea
471 3633 625 3699 domimus
652 3633 847 3711 (laufridus,
876 3633 992 3709 abbas,
1010 3630 1200 3718 predictum
1217 3650 1314 3697 sanc-

226 3758 259 3813 so
277 3755 348 3808 turn
365 3762 485 3827 corpus
511 3743 545 3806 iu
573 3763 707 3827 capsam
732 3749 928 3826 argerrtearn
944 3740 1095 3825 reposuit
1107 3756 1316 3803 conseruan-

277 3847 367 3911 iluna.
398 3845 511 3911 lnlula
539 3846 758 3913 sacerdotalis
774 3848 814 3913 de
833 3849 954 3923 serico,
986 3866 1061 3911 cum
1080 3864 1149 3930 qua
1163 3842 1315 3930 sepultus

280 3956 355 4027 luit.
372 3976 447 4020 cirin
472 3955 544 4040 ipso
560 3957 593 4018 in
618 3955 747 4020 tumulo
762 3954 831 4020 lere
844 3955 979 4039 integra
996 3954 1137 4017 inuento
1156 3949 1234 4031 fuit,
1254 3968 1317 4034 que

278 4060 386 4127 adbuc
399 4062 433 4126 in
452 4062 658 4128 monasterio
680 4059 1010 4129 Scitanti-Petri-Viui
1022 4058 1184 4125 decenter
1200 4074 1319 4122 serua-
