2918 5046
701 481 857 538 450-

498 774 550 841 De
565 772 714 843 chrico
722 774 922 859 imperatore
932 784 1065 861 quarto.

307 1034 407 1101 Anno
430 1032 557 1101 domini
580 1033 759 1100 millesimo
784 1034 968 1101 centesimo
992 1030 1183 1111 undecimo,
1204 1030 1287 1099 fleu-

262 1144 353 1210 ricos
373 1147 514 1229 quartus
528 1141 728 1231 imperabat.
754 1140 818 1207 Hic
839 1144 969 1227 patrem
985 1158 1097 1218 suum,
1115 1138 1285 1207 ilenricum

263 1252 512 1338 imperatorem,
531 1250 565 1315 in
577 1248 721 1314 uinculis
734 1246 857 1325 tenuit,
875 1250 909 1313 et
922 1246 1009 1313 mori
1019 1243 1113 1315 lecit.

304 1356 367 1424 Illo
399 1360 561 1443 tempora,
593 1353 727 1442 quidam
758 1354 866 1432 miles,
896 1354 1030 1419 nomine
1055 1350 1226 1421 Robertuo
1252 1348 1288 1417 do

260 1467 286 1531 F
289 1464 415 1541 rantia,
428 1463 570 1529 multum
588 1462 760 1549 gratiosus
771 1466 805 1527 et
818 1460 1032 1537 uictoriosus,
1049 1478 1094 1527 ex
1101 1476 1290 1547 magnape-

258 1571 402 1646 rentela,
424 1569 578 1655 quamuis
593 1588 731 1655 pauper,
755 1568 873 1635 habuit
887 1570 996 1636 socios
1016 1588 1085 1635 nou
1097 1566 1290 1637 bouchera-

257 1674 397 1752 ditatos,
415 1692 498 1759 quos
523 1692 634 1740 secum
655 1674 753 1740 duxit
782 1673 825 1740 ad
841 1675 995 1741 Romam.
1013 1673 1145 1742 Videas
1168 1672 1216 1741 ibi
1228 1692 1289 1743 uon

258 1802 353 1849 suam
362 1780 559 1859 utilitatem,
572 1782 717 1848 intrauit
728 1780 876 1848 Siciliam
889 1786 925 1850 et
935 1780 1129 1870 Appulliam
1143 1786 1180 1851 et
1190 1782 1288 1871 cepit:

207 1897 239 1952 10
258 1910 336 1955 suos
352 1890 460 1953 socios
475 1888 591 1953 multis
603 1887 872 1973 possessionibus
888 1885 1024 1969 ditarit,
1040 1884 1164 1957 deiude
1182 1906 1290 1977 regen

257 1996 413 2061 Alexium
433 1993 671 2082 subpeditauit‚
690 1992 1085 2083 constantinopolitanos
1110 2000 1148 2063 et
1170 1994 1290 2063 orem·

257 2104 395 2181 deuicit,
416 2109 451 2171 et
462 2104 576 2169 omnia
591 2102 686 2168 lucra
702 2102 773 2167 suis
788 2102 890 2167 sociis
902 2100 1088 2169 distribuit.
1102 2100 1168 2169 llio
1178 2098 1292 2169 hebuit

260 2212 364 2277 lilium
381 2216 417 2277 et
427 2210 531 2276 filiam
544 2229 587 2275 ex
601 2207 776 2274 domicella
791 2205 832 2273 de
848 2208 1002 2274 Frantia.
1019 2206 1141 2285 Filius,
1162 2208 1292 2276 nomin·

258 2318 436 2405 Rogerius,
460 2316 526 2382 fuit
537 2336 599 2381 rex
613 2315 813 2392 Siculorum,
836 2320 871 2381 at
882 2314 953 2380 lilia
970 2312 1035 2382 luit
1048 2320 1160 2381 mater
1171 2310 1292 2381 Frede-

257 2427 318 2492 rici
338 2424 450 2512 primi,
475 2424 689 2510 imperatoris
716 2424 870 2488 Romani.
897 2424 966 2489 iste
992 2422 1160 2509 Rogas-ius
1178 2420 1292 2489 babuit

257 2532 390 2597 nomine
402 2530 602 2607 Gilbertum,
619 2549 731 2616 regem
745 2532 963 2597 uictoriosum
978 2536 1014 2598 et
1033 2528 1133 2597 ualde
1143 2528 1247 2599 ditem
1258 2532 1292 2595 et

257 2640 290 2703 in
303 2636 457 2703 omnibus
473 2636 669 2723 gloriosum.

299 2854 398 2919 Anno
421 2852 554 2918 Domini
577 2849 756 2918 millesimo
775 2850 959 2918 centesimo
984 2846 1182 2917 duodecimo
1201 2846 1293 2919 bole

256 2961 327 3026 sius
348 2960 395 3037 11,
411 2958 614 3045 Campanus.
633 2958 781 3024 -Sedit
795 2977 884 3024 anno
898 2976 979 3035 uno,
995 2955 1113 3023 diebus
1132 2958 1290 3045 quinum

203 3078 239 3135 ‘20
256 3068 404 3135 cessauit
423 3066 540 3133 diebus
561 3066 690 3153 uigenti
708 3071 744 3133 et
759 3071 916 3151 quatuor.
931 3066 1002 3132 Iste
1013 3083 1102 3153 papa
1113 3064 1291 3133 Heurioum

257 3174 493 3261 imperatorem
511 3171 598 3259 sugit
616 3192 689 3237 curn
716 3171 958 3249 cardinalibus,
975 3176 1011 3239 et
1040 3170 1221 3241 defunctus
1242 3178 1292 3239 erl

257 3276 344 3363 apud
365 3275 597 3365 Clugniacum,
618 3283 653 3345 et
666 3278 829 3365 sepultus.

300 3386 399 3451 Anno
430 3386 561 3451 Domini
590 3385 768 3451 millesimo
795 3386 979 3452 centesimo
1000 3383 1131 3452 decimo
1158 3388 1292 3471 quoto,

256 3493 410 3559 Calixtus
423 3492 617 3560 ll.-Sedit
629 3494 728 3558 annis
741 3492 899 3577 quinque,
912 3491 1084 3558 mensibus
1094 3488 1292 3570 decendiu-

257 3601 318 3667 bus
333 3600 492 3667 tredecim
506 3624 514 3679 ;
539 3602 687 3668 cessauit
699 3600 816 3667 diebus
832 3602 990 3687 quinque.
1002 3600 1110 3667 Filius
1120 3595 1186 3668 tuit
1196 3600 1292 3667 comi·

256 3710 302 3775 tis
314 3708 520 3793 Burgundie,
535 3709 806 3795 archiepiscopus
817 3708 1032 3774 biennensis.
1048 3704 1215 3775 Defuncto
1227 3704 1292 3775 uo·

257 3815 342 3881 lesio
352 3812 439 3899 apud
454 3814 685 3899 clugniacum,
703 3836 723 3879 a
741 3812 970 3880 cardinalibus
982 3818 1036 3881 est
1048 3811 1191 3881 electus.
1211 3812 1291 3881 Part

259 3921 333 3999 hec,
345 3920 440 3987 uenit.
459 3920 576 3999 ltome,
593 3920 648 3986 ubi
663 3941 782 4010 papam
799 3922 931 3989 inuenit
944 3920 1079 3988 nomine
1096 3918 1290 3999 Burdiuum

260 4048 320 4114 per
330 4030 565 4115 imperatorem
579 4029 667 4095 male
676 4030 882 4115 impositum.
894 4028 999 4103 Quem
1008 4034 1110 4095 extra
1120 4028 1291 4099 cicinum

206 4148 239 4199 ao
260 4134 451 4211 deductum,
470 4134 632 4201 camelum
647 4134 789 4223 desuper
804 4134 920 4203 sedere
936 4135 1146 4213 feceruutet
1159 4136 1195 4205 iu
1209 4136 1293 4207 elui-
