2970 5430
724 401 885 457 -152-

315 524 504 593 celestinus
521 528 553 604 1,
583 528 768 604 Romanus,
788 531 927 594 sanctus
952 526 1137 593 confessor.
1154 562 1201 579 -
1215 527 1311 598 Sedit

271 632 370 698 anuis
393 637 482 708 octo,
496 630 613 697 diebus
639 652 781 711 nouem;
811 634 960 701 cessauit
984 632 1102 699 diebus
1115 651 1183 700 uno
1200 637 1237 701 et
1251 634 1311 701 -ui-

271 739 370 827 giuti.
403 738 590 805 Constituit
622 737 732 804 dicere
764 739 930 825 psalmum
961 737 1091 804 Dauid:
1113 734 1236 804 lumea
1257 758 1313 806 me

273 844 362 911 Deus
376 850 456 912 aute
480 846 657 913 introitum
674 847 788 921 misse,
812 850 846 911 et
869 846 1017 932 psalmos
1029 843 1141 913 dioero
1151 845 1314 933 antipho-

271 952 391 1032 natim,
415 952 502 1039 quod
519 957 621 1018 antea
652 972 719 1017 non
743 951 857 1019 fiebat.
876 951 941 1017 Hic
953 951 1047 1017 misit
1073 954 1230 1019 sanctum
1243 950 1315 1018 Pa-

272 1061 419 1138 tricium,
434 1057 536 1125 fiiimn
553 1058 716 1136 Chontes,
737 1059 865 1123 sororis
879 1057 970 1125 beati
984 1056 1127 1124 Martini
1141 1056 1316 1151 Turoueuf

273 1167 319 1231 sis
336 1167 371 1232 in
385 1165 584 1242 Yberuiam‚
600 1166 656 1251 qui
673 1164 908 1231 terramillam
924 1164 966 1230 ad
984 1162 1083 1229 fidem
1098 1163 1216 1251 Xpisti
1230 1183 1316 1232 oon·

272 1271 388 1337 uertit.
404 1270 559 1358 Synodus
581 1272 752 1358 Ephesina
776 1272 978 1338 celebratur.
1006 1269 1187 1338 Nestorius
1210 1270 1315 1344 nem-

273 1376 362 1443 tious
379 1376 665 1464 condempnatum
687 1378 880 1443 instituitur
894 1381 932 1442 ut
944 1380 1064 1442 sancta
1076 1375 1190 1444 Maria
1200 1381 1317 1447 mater

222 1482 254 1540 ¹0
274 1481 405 1549 Domini
420 1483 659 1570 appellaretur.

316 1589 432 1656 Sixtus
449 1590 514 1668 111,
535 1591 717 1656 Romanus.
736 1579 886 1658 -Sedit
899 1593 1000 1657 annis
1014 1596 1102 1670 outo,
1116 1592 1319 1661 diebusno-

273 1717 367 1774 uom;
384 1697 532 1762 cessauit
546 1695 662 1761 diebus
688 1696 818 1763 duobus
839 1704 874 1763 et
894 1698 1029 1784 viginti.
1043 1697 1141 1766 Circa
1153 1699 1216 1765 heo
1225 1703 1319 1766 tem-

273 1821 368 1889 pora,
386 1821 475 1868 anno
487 1802 619 1868 Domini
632 1806 869 1870 trecentesimo
884 1805 1103 1891 nonagesimo
1114 1825 1216 1884 nono,
1231 1805 1319 1874 obiit

275 1915 414 1979 sanctus
429 1911 598 1977 Martinus
616 1911 835 1976 Turonensis.

318 2018 417 2084 Anno
443 2017 575 2085 Domini
593 2016 939 2105 quadringentesimo,
959 2017 1043 2086 obiit
1066 2024 1206 2088 sanctus
1230 2021 1320 2088 Am-

275 2124 407 2190 brosius
432 2122 654 2189 Mediolanus.
686 2124 784 2189 Anno
808 2125 939 2189 Domini
968 2124 1319 2212 quadringentesimo,

274 2229 453 2296 ordinatur
465 2234 603 2296 sanctus
619 2231 788 2296 Iohannes
801 2231 1048 2298 Crisothomus

318 2337 417 2402 Anno
440 2337 572 2403 Domini
585 2337 917 2425 quadringentesimo
932 2344 967 2405 et
983 2344 1116 2424 quarto,
1136 2339 1242 2407 Gothi
1259 2341 1321 2407 in·

274 2442 475 2531 grodiuntur
491 2442 653 2509 Ytaiiam.

219 2551 254 2609 20
318 2552 416 2616 Anno
436 2551 567 2616 Domini
583 2550 915 2638 quadringentesimo
932 2558 966 2620 et
982 2573 1082 2631 nono,
1100 2552 1264 2619 Wandali
1280 2560 1319 2622 et

263 2657 374 2742 Alani
390 2656 518 2722 Gallias
532 2655 780 2742 ingrediuntur.

318 2761 405 2827 Illud
421 2763 523 2829 etiam
539 2782 605 2829 uon
632 2767 685 2828 est
699 2764 820 2828 mirum
837 2765 877 2842 si,
896 2764 1101 2850 temporibus
1118 2762 1232 2830 deoem
1252 2764 1318 2832 So-

274 2869 473 2936 nononsium
500 2869 844 2955 archiepiscoporum,
879 2869 1015 2937 fuerunt
1046 2871 1151 2937 Rome
1173 2869 1317 2957 quadra·

139 3022 142 3028 ι
273 2977 369 3064 ginta
392 2977 538 3062 quinque
562 2975 684 3040 summi
710 2975 897 3061 pontifices,
917 2995 994 3042 nam
1017 2978 1126 3042 maior
1146 2996 1227 3063 pars
1250 2976 1316 3044 Ro·

273 3102 448 3149 manorum
459 3081 653 3170 pontificum
667 3083 821 3149 martirio
833 3089 1028 3162 coronatur,
1043 3089 1078 3151 et
1089 3088 1168 3170 post
1178 3083 1314 3151 boatum

273 3189 525 3265 Potentianum,
549 3188 583 3252 in
612 3207 751 3253 numero
773 3187 1015 3254 Senonensium
1042 3189 1315 3277 archiepiscopo-

273 3313 346 3359 rum
363 3314 429 3360 non
452 3293 624 3360 inuenitur
644 3299 788 3379 martyr.
806 3294 850 3360 Et
864 3294 966 3359 etiam
984 3295 1246 3381 presumendum
1260 3297 1314 3361 est

273 3399 359 3485 quod
376 3401 522 3466 maxime
533 3400 728 3467 uacationes
741 3399 879 3465 fuerunt
891 3400 981 3466 inter
996 3397 1175 3468 defunctos
1187 3405 1222 3467 et
1231 3399 1315 3466 oleo·

271 3512 338 3583 tos,
356 3507 435 3593 quia
460 3512 597 3594 propter
616 3505 841 3574 turbationem
867 3525 1075 3592 paganorum
1091 3525 1158 3572 non
1178 3510 1313 3593 poterat

220 3616 253 3672 30
272 3613 414 3681 Senonis
428 3613 545 3681 diuina
560 3615 712 3703 operatio
727 3613 830 3680 cicius
841 3611 1009 3681 festinari.
