2970 5430
710 530 746 543 -.
764 501 819 560 282
836 530 871 544 -

257 694 262 702 ,
318 630 489 716 Eugenins
506 630 550 696 11.
568 626 716 695 -Sedit
730 629 831 695 annis
842 627 965 707 tribus,
983 628 1157 697 mensibus
1170 627 1310 705 duobus,

274 742 413 803 sanetus
430 742 573 822 martyr.
593 735 659 800 Per
671 734 775 802 laicos
795 735 968 803 Romanos
989 740 1139 814 cecatus,
1161 740 1201 803 et
1223 754 1312 801 mar·

273 844 365 929 tyrio
380 847 575 919 eoronatnS,
594 841 649 907 hic
676 839 741 908 fuit
763 842 887 909 Sabine
910 843 1090 931 presbyter
1114 841 1308 911 cardinalis.

320 1056 523 1123 Valentinus
553 1057 581 1122 I.
605 1093 649 1107 -
676 1057 769 1124 Sedit
797 1057 914 1122 diebus
948 1056 1139 1137 sexdecim
1163 1059 1310 1171 posunt

275 1170 392 1236 diebus
408 1173 609 1257 quindecim.

317 1278 502 1365 Gregorius
519 1280 579 1357 IV,
602 1282 787 1346 Romanus.
810 1315 854 1330 -
878 1279 973 1348 Sedit
992 1280 1091 1346 annis
1120 1278 1309 1357 sexdecim

274 1388 422 1454 cessauit
440 1386 557 1452 diebus
573 1386 774 1473 quindecim.
797 1388 822 1452 F
826 1387 968 1454 undanit
985 1387 1164 1453 eeclesiam
1181 1386 1313 1454 Sancti·

274 1495 619 1562 Martini-initiens.
635 1495 711 1570 Hie,
732 1495 764 1558 in
777 1494 948 1579 presentia
963 1491 1127 1559 Ludoniei
1140 1493 1203 1579 pii,
1215 1512 1312 1559 eone

273 1600 370 1665 tituit
395 1605 432 1665 ut
456 1598 579 1666 festum
603 1600 981 1666 Omnium-Sanctorum
1008 1598 1242 1668 celebraretur
1255 1618 1312 1687 per

222 1705 254 1761 ¹⁰
272 1704 402 1771 Gallias
421 1710 459 1771 ut
478 1707 595 1783 Rome,
613 1712 648 1773 et
664 1708 697 1771 in
721 1707 871 1772 crastino
897 1705 1046 1771 fidelium
1068 1706 1221 1772 omnium
1241 1704 1316 1774 offl-

272 1811 356 1877 tiurn
374 1811 574 1879 celebretur.
1356 1800 1370 1814 ⁰

318 2027 380 2092 lllo
396 2033 558 2113 tempore,
573 2027 708 2114 quidam
727 2029 871 2094 Romani
889 2030 1056 2095 miserunt
1071 2024 1114 2093 ad
1128 2024 1318 2095 soldanum

272 2142 310 2198 ut
335 2133 476 2198 Romam
501 2136 636 2200 ueniret
663 2140 698 2202 et
733 2135 884 2202 Ytaliam
912 2133 1113 2222 possideret.
1142 2134 1209 2211 Qui
1238 2154 1318 2203 eum

272 2241 488 2308 multitudine
497 2245 645 2308 maxima
656 2244 763 2309 uenit.
779 2250 813 2309 et
825 2244 970 2311 intrauit
984 2242 1139 2319 Romam,
1153 2247 1190 2310 et
1205 2240 1326 2309 eoele-

273 2348 324 2412 sia
342 2347 572 2414 Sancti-Petri
593 2347 718 2416 iactum
743 2356 797 2416 est
820 2348 989 2416 stabulum
1005 2366 1182 2436 equorum,
1196 2354 1236 2418 et
1248 2369 1328 2417 om-

273 2456 326 2519 nis
354 2455 475 2520 Tuscia
496 2455 695 2523 destruitur.
723 2456 872 2522 Tandem
895 2455 1155 2543 adpetitionem
1181 2456 1326 2545 Grego-

272 2564 314 2628 rii
333 2563 393 2640 IV,
411 2568 577 2629 venerunt
599 2563 790 2629 Ludouicus
814 2565 1000 2649 imperator
1022 2583 1096 2629 enm
1113 2563 1261 2631 Francis
1281 2570 1330 2631 et

271 2668 380 2734 Gnido
397 2668 548 2734 marchio
570 2688 644 2734 curn
660 2668 860 2735 Lumbardis
875 2675 910 2735 et
925 2669 1042 2735 moltis
1055 2688 1100 2735 ex
1114 2669 1188 2735 suis
1198 2668 1330 2757 pmdi-

271 2776 332 2854 tis;
361 2775 566 2842 Sarracenos
593 2776 848 2843 destruxerunt.
874 2775 1053 2843 Sarraceni
1076 2773 1262 2862 Appulism
1280 2780 1326 2843 et

219 2882 256 2941 ‘20
271 2882 419 2948 Siciliam
444 2889 678 2951 uastauerant.
708 2885 892 2971 Gregorius
921 2883 1032 2950 dictus
1057 2902 1146 2970 pape
1169 2902 1327 2973 corpora

271 2998 464 3058 sanctorum
480 2991 682 3069 sebastiani,
701 2992 863 3078 Gorgonii
890 3011 931 3057 ao
952 2989 1110 3076 Tyburtii
1131 2990 1324 3059 transtulit

271 3099 306 3162 in
321 3098 497 3164 ecclesiam
513 3098 755 3177 Sancti-Petri,
773 3106 807 3165 et
822 3119 942 3184 corpus
960 3096 1050 3164 beati
1064 3096 1226 3185 Gregorii
1241 3095 1324 3165 doe-

271 3207 356 3271 toris
375 3208 487 3292 posuit
503 3205 563 3271 sub
577 3205 691 3272 altari.

296 3504 303 3517 '
376 3510 426 3576 De
441 3510 703 3576 institutionibus
721 3528 784 3594 pro
798 3510 966 3576 canonicis
981 3520 1015 3575 et
1037 3510 1211 3575 monuch

696 3613 884 3685 Gallicanis.

311 3826 409 3893 Circa
424 3824 486 3891 hee
508 3830 673 3911 tempora,
690 3831 841 3913 tempore
865 3824 1040 3893 Ludonieii
1062 3827 1123 3913 pii,
1144 3824 1188 3893 de
1204 3826 1304 3893 Roma

268 3934 312 4001 ad
336 3933 499 4021 palatium
515 3932 827 4019 Aquisgraninense
848 3934 944 4000 uenit
958 3932 1145 4020 Gregorius
1167 3933 1230 4012 1v,
1250 3931 1304 3999 de·

270 4039 436 4108 mandens
457 4039 634 4106 eonsilium
651 4039 692 4106 de
707 4038 778 4106 fere
795 4040 949 4107 omnibus
965 4039 1106 4126 prelatis
1131 4036 1304 4107 orientali·

270 4147 332 4215 bus
347 4153 383 4218 et
403 4145 558 4215 omnibus
584 4146 861 4229 occidentalibus,
889 4147 946 4217 ubi
970 4151 1103 4217 sune
1117 4166 1221 4237 qun
1233 4145 1304 4240 pls·
