2970 5430
740 397 880 460 *64-

274 533 350 602 tnr‚
383 526 468 611 quod
491 525 640 592 ostendit
665 527 785 612 populo
810 548 831 591 a
847 527 918 591 loco
933 526 1168 593 decollationis
1182 548 1316 595 ‚rener-

276 634 374 698 tanti.

676 850 789 916 Passio
806 849 908 915 Petri.

319 1067 441 1135 Petrus
456 1075 581 1149 autem,
606 1077 644 1138 ut
659 1073 727 1137 Leo
743 1070 891 1157 scripsit,
911 1068 989 1134 dum
1006 1067 1157 1135 uenisset
1172 1066 1215 1134 ad
1236 1087 1317 1135 cru·

275 1196 345 1241 cem
366 1177 436 1242 ait:
461 1208 476 1233 a
494 1179 569 1244 Non
580 1193 658 1244 sum
675 1179 796 1264 dignus
811 1175 962 1262 crucifigi
975 1183 1013 1243 ut
1029 1175 1191 1241 Dominus
1205 1194 1315 1250 meus,

276 1310 290 1335 a
307 1280 381 1346 ideo
398 1303 516 1369 precor
531 1304 605 1360 uos,
621 1305 753 1351 crucem
767 1305 875 1350 meam
893 1285 1014 1368 girate.
1031 1311 1046 1336 κ
1074 1282 1168 1346 Tunc
1182 1299 1319 1347 crucem

246 1388 248 1393 ’
273 1393 472 1465 uerterunt,
500 1397 534 1456 et
549 1410 636 1467 eum,
665 1411 764 1456 uerso
777 1391 934 1475 uestigio,
952 1387 1205 1456 crucifixerunt.
1224 1387 1320 1453 Tunc

275 1493 415 1576 populus
444 1493 579 1561 uolebat
607 1496 774 1560 Neronem
811 1503 845 1561 et
880 1491 1064 1579 prefectum
1099 1491 1254 1558 occidero
1282 1498 1319 1558 et

276 1598 472 1683 Apostolum
492 1597 648 1664 liberare.
677 1600 738 1673 Qui
761 1599 848 1666 dixit
864 1601 935 1664 eis:
961 1628 975 1652 u
994 1598 1109 1664 Nolite
1122 1599 1318 1684 passionem

223 1717 255 1769 10
278 1734 292 1758 u
318 1724 425 1768 meam
444 1704 617 1790 impedire.
637 1736 651 1760 n
668 1707 760 1770 Tunc
773 1705 931 1771 viderunt
943 1724 1071 1779 omnes,
1090 1704 1147 1788 qui
1157 1702 1317 1782 aderant,

276 1811 414 1896 angelos
448 1811 507 1875 Dei
547 1817 582 1878 et
617 1812 759 1898 gloriam
796 1813 880 1876 eins.
918 1813 1012 1876 Tunc
1046 1811 1170 1877 Petrus
1202 1812 1319 1877 emisit

276 1917 443 2002 spiritum.
476 1918 569 1983 Tunc
598 1918 779 1983 Marcellus
806 1923 840 1984 et
870 1917 1031 2003 Apuleus,
1049 1914 1187 1994 fratres,
1221 1917 1318 1984 Petri

275 2019 442 2106 discipuli,
469 2013 594 2107 'corpus
623 2023 696 2086 eius
725 2022 933 2089 aromatibus
960 2020 1157 2087 condientes
1173 2021 1320 2108 sepelie-

275 2131 367 2192 runt.

319 2233 358 2297 In
369 2233 443 2326 ipsa
457 2232 523 2310 die,
541 2234 665 2300 Petrus
680 2240 714 2301 et
729 2234 856 2300 Paulus
872 2238 989 2299 sancto
1003 2233 1178 2319 Dyonisi0,
1197 2240 1320 2329 sancto

274 2343 427 2404 matrone
451 2340 507 2424 qui
523 2339 633 2404 uelum
659 2362 754 2405 suum
770 2339 877 2405 Paulo
897 2338 1051 2416 tradidit,
1068 2337 1225 2404 omnibus
1243 2336 1319 2404 sra-

274 2443 383 2509 tribus
415 2446 518 2509 Rome
553 2447 748 2512 constitutis
781 2453 1032 2533 apparuerunt,
1064 2444 1249 2512 scientibus
1281 2455 1318 2512 et

275 2549 467 2615 uidentibus
488 2551 604 2617 multis
623 2552 735 2617 Iudeis
751 2558 785 2620 et
801 2554 962 2638 Paganis.
988 2552 1040 2619 nd
1055 2555 1226 2619 cronicam
1241 2571 1319 2618 nos·

196 2700 199 2706 -
275 2660 404 2721 trorum
420 2656 627 2752 pontificum,
645 2671 838 2724 sanctorum
861 2659 1037 2723 Saniniani
1052 2663 1086 2725 et
1103 2658 1315 2735 Potentiani,

220 2779 255 2834 to
275 2769 497 2830 reuertamur.
516 2763 614 2829 Passi
630 2771 710 2830 sunt
726 2785 806 2829 uero
826 2764 949 2830 Petrus
971 2769 1006 2830 et
1020 2764 1160 2841 Paulus,
1188 2769 1227 2831 ut
1242 2783 1319 2850 pre·

274 2867 356 2945 diui,
373 2889 461 2934 anno
477 2870 608 2935 Domini
624 2871 872 2956 septuagesimo
886 2869 1043 2935 secundo

422 3139 497 3221 Quo
511 3141 607 3206 modo
620 3149 850 3223 apparuerunt
865 3139 960 3206 bento
973 3137 1193 3206 Sauimimoo

319 3409 441 3475 Eadem
459 3415 556 3476 nocte
572 3429 631 3474 sne
646 3410 826 3494 passionis,
853 3410 959 3476 sancti
978 3410 1101 3474 Petrus
1129 3413 1164 3474 et
1185 3408 1318 3476 Paulus

272 3520 388 3581 sancto
399 3515 1058 3602 Saulniano,Senonensiarchiepiscopo,
1068 3523 1315 3602 apparuerunt,

273 3641 367 3685 snam
394 3623 584 3707 passionem
613 3629 648 3688 et
677 3626 891 3687 consecutam
924 3621 1067 3708 gloriam
1098 3622 1315 3690 intimantes.

273 3726 373 3791 Mane
396 3726 498 3803 lacto,
527 3735 664 3794 sanctus
686 3728 890 3793 Saninianus
914 3734 1049 3793 sanctos
1072 3728 1316 3797 Potentianum

273 3837 307 3897 et
331 3831 484 3898 Altinum
519 3837 553 3898 et
582 3840 712 3900 ceteros
743 3832 925 3918 discipulos
960 3833 1140 3901 aduocauit
1164 3833 1312 3906 dicans:

275 3969 289 3993 a
306 3939 460 4005 Nouistis
477 3937 602 4008 fratres
615 3940 801 4017 karissimi,
818 3939 934 4005 beatos
958 3941 1097 4007 Petrum
1118 3944 1154 4007 ct
1168 3941 1316 4009 Paulum

274 4078 288 4111 ω,
305 4066 422 4132 passos
443 4044 559 4122 luisse,
579 4051 613 4113 et
639 4048 876 4133 sempiternam
901 4045 1043 4131 gloriam
1064 4044 1204 4138 adeptos
1221 4067 1312 4124 esse,
