2970 5430
736 423 871 479 -78-

282 564 320 624 ut
343 557 459 624 dicunt
481 555 629 642 quidam,
647 554 898 640 symulachrum
923 555 1092 621 Mercurio
1116 554 1321 624 dedicatum.

283 664 334 729 Ad
354 663 441 749 quod
466 663 639 749 templum,
663 682 737 726 cum
759 662 875 727 multis
899 661 1066 741 fidelibus,
1089 662 1186 742 adiit,
1209 683 1324 730 coram

283 772 401 856 quibus
418 778 452 836 et
471 790 584 835 coram
597 768 795 854 quibusdam
809 768 1164 854 Paganisorationem
1175 768 1266 838 fudit
1281 768 1323 837 ad

283 879 471 956 Dominum,
489 878 699 963 etcompleta
711 877 876 953 oratione,
893 877 1021 944 corruit
1033 897 1130 944 omne
1144 876 1320 965 templum,

282 990 316 1050 et
330 984 432 1069 ydola
446 990 658 1049 euanuerunt
676 1004 750 1048 cum
768 984 858 1048 omni
872 984 1015 1049 materia
1027 989 1128 1070 atque
1142 1003 1253 1052 muro.

326 1092 451 1167 Quibus
468 1091 580 1168 sactis,
593 1111 734 1156 assensu
744 1090 892 1154 fidelium
904 1110 987 1174 quos
1000 1089 1042 1156 ad
1051 1091 1229 1158 Dominum
1239 1110 1322 1160 oon·

282 1203 444 1276 uerterat,
463 1203 533 1264 tres
556 1201 590 1263 in
606 1197 721 1262 eodem
750 1198 821 1263 loco
841 1199 1033 1265 construxit
1047 1198 1232 1278 ecclesias;
1250 1218 1324 1266 me·

281 1306 382 1384 diam,
410 1307 444 1370 in
467 1306 594 1371 honore
607 1305 893 1393 prothomartyris
909 1305 1090 1390 Stephaui;
1105 1306 1262 1387 alerem,
1280 1305 1323 1374 ad

280 1413 435 1478 dextram
451 1423 593 1501 partem,
611 1415 645 1477 in
659 1414 786 1478 honore
808 1412 904 1478 beate
920 1414 1027 1478 Mario
1042 1414 1189 1500 uirginis
1202 1418 1238 1481 et
1248 1432 1324 1481 ma·

114 1522 117 1528 ’
228 1539 262 1594 10
279 1522 357 1598 tris,
370 1523 507 1587 tertiam
523 1523 556 1587 in
581 1522 708 1587 honore
720 1521 828 1586 sancti
840 1518 1002 1586 Iohannis
1018 1521 1183 1624 Baptiste.

324 1732 449 1808 Quibus
470 1733 607 1811 auditis,
625 1734 781 1810 Seuerus,
799 1732 867 1797 dux
882 1733 1046 1812 ciuitatis,
1064 1732 1145 1803 fecit
1160 1733 1224 1802 sibi
1244 1757 1325 1824 pro-

281 1843 408 1907 sentari
439 1847 591 1908 sanctum
630 1843 848 1907 Saninianum
884 1860 958 1906 cum
982 1845 1101 1908 sancto
1126 1844 1321 1924 Victorino,

281 1948 412 2034 hospite
439 1954 645 2027 sanctorum,
665 1949 783 2034 quibus
805 1948 892 2014 dixit
909 1968 917 2011 τ
946 1977 960 2002 u
981 1946 1108 2014 Contra
1128 1950 1232 2016 ritum
1251 1951 1325 2037 Ro-

281 2086 295 2110 u
315 2058 404 2121 mani
418 2058 561 2142 imperii,
578 2077 681 2142 quare
697 2056 829 2121 audetis
845 2056 936 2141 leges
948 2075 1053 2121 nouas
1070 2057 1241 2142 imponere
1252 2056 1267 2123 i
1278 2090 1324 2110 ···

280 2195 293 2217 u
315 2163 503 2229 Adoramus
525 2166 627 2229 Deum
649 2169 792 2249 patrem,
816 2160 1068 2246 filiumqueeius
1083 2163 1232 2241 unicum,
1246 2182 1323 2231 cum

280 2300 294 2324 u
313 2290 352 2334 eo
367 2277 446 2336 ante
469 2271 581 2336 secula
601 2262 812 2356 regnantem,
838 2269 893 2353 qui
910 2267 950 2331 de
967 2268 1094 2353 Spiritu
1110 2274 1230 2336 sancto
1246 2288 1323 2338 con·
1380 2317 1382 2320 -

281 2407 294 2431 u
316 2384 443 2464 ceptus,
459 2384 496 2453 ,et
516 2379 550 2441 in
568 2378 630 2443 hoc
649 2378 759 2442 seculo
782 2383 882 2442 natus
905 2375 945 2441 de
966 2378 1098 2463 uirgine
1117 2377 1246 2456 Maria,
1260 2398 1323 2466 pro

280 2513 294 2537 u
318 2484 547 2569 peccatoribus
564 2483 708 2560 oblatus
727 2491 761 2550 et
776 2483 969 2560 crucifixus,
989 2489 1142 2550 mortuus
1159 2490 1194 2551 et
1207 2486 1321 2574 sepul-

280 2619 293 2643 «
315 2596 370 2654 tus
385 2613 392 2667 ;
409 2595 484 2675 post
503 2590 589 2654 diem
602 2591 753 2666 tertium,
767 2591 923 2676 apparuit
943 2590 1127 2667 rediuiuus,
1146 2611 1214 2657 non
1227 2592 1320 2658 solus

225 2753 235 2767 ,
279 2724 293 2749 u
313 2716 505 2782 resurgens,
522 2695 577 2760 sed
595 2696 718 2762 multos
730 2696 770 2760 ab
782 2696 901 2760 inferis
911 2695 1072 2762 detraxit.
1084 2697 1159 2772 Hic,
1177 2698 1320 2783 quadra·

279 2831 293 2855 u
315 2804 411 2887 ginta
424 2802 495 2867 dies
512 2804 633 2868 iterum
653 2823 726 2867 cum
743 2802 917 2888 discipulis
930 2810 1162 2881 conversatus,
1177 2804 1319 2890 quadre-

278 2940 292 2964 κ
313 2910 440 2995 gesimo
453 2909 518 2986 die,
531 2908 572 2973 ad
583 2915 711 2994 patrem
723 2915 775 2974 est
783 2929 969 2995 regressus,
981 2928 1001 2974 a
1013 2930 1078 2995 quo
1088 2909 1241 2996 corpore,
1251 2930 1316 2978 non

278 3046 292 3072 a
315 3017 515 3092 diuinitate,
545 3015 655 3082 fuerat
683 3016 869 3103 digressus.
903 3016 1074 3102 Nobisque
1101 3017 1317 3084 cernentibus

279 3124 392 3189 “nube
405 3123 549 3189 candida
565 3123 730 3197 sublatus,
750 3130 783 3188 et
802 3121 842 3186 ad
860 3121 1034 3188 dexteram
1056 3123 1115 3188 Dei
1135 3124 1246 3210 patris
1268 3144 1318 3190 se·

278 3261 291 3284 u
315 3230 409 3308 dens,
425 3239 588 3297 venturus
609 3231 791 3296 novissime
816 3230 912 3293 uiuos
933 3236 966 3295 et
987 3235 1137 3296 mortuos
1150 3229 1312 3296 iudicare.

277 3366 292 3391 u
311 3339 393 3404 Post
406 3341 643 3405 decensionem
659 3359 739 3404 uero
750 3355 856 3413 suam,
868 3335 976 3414 nobis,
988 3357 1084 3421 quem
1097 3337 1313 3422 promiserat,

278 3476 292 3500 a
311 3447 403 3512 misit
416 3447 574 3532 Spiritum
592 3454 758 3522 sanctum,
783 3447 838 3530 qui
860 3465 921 3510 nos
946 3444 1166 3510 inenarrabili
1188 3444 1315 3512 lumine

278 3582 291 3606 u
313 3551 534 3631 illuminauit;
550 3554 711 3639 nobisque
726 3552 873 3617 omnium
889 3551 1080 3637 linguarum
1104 3551 1261 3618 notitiam
1280 3557 1315 3618 et

276 3659 474 3744 «loquelam
499 3659 681 3739 adtribuit;
707 3659 814 3725 sedet
834 3667 912 3725 ante
935 3659 999 3723 hoc
1024 3656 1120 3723 nobis
1142 3659 1310 3726 iusserat:

274 3794 288 3819 a
309 3765 372 3842 Ite,
384 3785 444 3851 per
453 3766 646 3831 uniuersum
655 3766 826 3843 mundum,
837 3765 1048 3852 predicantes
1060 3763 1312 3850 etbaptlzautes

274 3902 289 3927 a
309 3873 460 3957 populos,
475 3874 509 3937 in
526 3874 659 3937 nomine
683 3874 798 3939 Patris
823 3879 857 3939 et
872 3871 950 3936 Filii
971 3875 1005 3937 et
1019 3869 1165 3956 Spiritus
1186 3871 1309 3938 sancti.

274 4008 288 4034 u
309 3978 355 4043 De
373 3978 504 4064 quibus,
521 4000 584 4067 ego
599 4000 672 4045 cum
689 3981 788 4046 sociis
803 3980 886 4044 meis
902 3978 1025 4042 missus
1038 3975 1080 4041 ad
1094 3995 1167 4054 uos,
1185 3975 1311 4042 multos

274 4115 287 4140 u
314 4085 479 4152 catholice
500 4085 576 4151 fidei
595 4085 775 4171 adquisiui,
794 4087 1031 4151 demonstrans
1042 4082 1145 4169 ydola
1159 4082 1208 4148 nil
1220 4100 1308 4162 esse,
