2970 5430
715 449 869 506 “194-

603 684 655 750 De
668 694 782 751 sancto
797 683 985 752 Benedicto.

320 902 418 969 Circa
440 901 502 967 heo
527 903 691 987 tempora,
714 919 803 964 anno
828 897 960 962 Domini
980 895 1251 982 quingentesimo
1273 896 1302 960 et

277 1029 376 1088 non0‚
391 1007 474 1072 obiit
491 1011 628 1073 sanctus
644 1004 857 1083 Benedictus,
873 1005 907 1068 in
925 1001 1209 1070 Monte-cassino.
1281 1075 1287 1086 ,

574 1219 626 1284 De
642 1217 786 1286 romanie
801 1215 1026 1302 pontificibus.
1126 1206 1134 1221 ’

318 1436 416 1499 Auno
430 1432 594 1499 dominice
607 1434 855 1517 iucarnationis
868 1433 1137 1521 quingentesimo
1151 1437 1188 1502 et
1204 1429 1309 1502 undo-

273 1541 376 1616 cimo,
394 1538 477 1605 obiit
492 1543 628 1605 sauctus
648 1539 828 1606 Hormisda
843 1560 951 1626 papa;
973 1543 1051 1626 post
1070 1536 1309 1608 Hormisdou}

319 1646 487 1712 Iohannes
512 1647 652 1731 primus,
670 1650 814 1731 martyr,
829 1645 1006 1712 ·Tusohus.
1029 1681 1073 1698 -
1094 1643 1190 1713 Sedit
1215 1632 1313 1734 unuln

275 1750 416 1830 duobus,
430 1751 599 1817 mensibus
615 1757 702 1830 octo,
714 1751 830 1817 diebus
843 1751 1043 1838 quindecim
1054 1752 1204 1820 cessauit
1218 1742 1317 1819 selei

275 1857 392 1923 diebus
407 1863 481 1925 ooto
498 1862 532 1924 et
552 1859 809 1945 quinquaginta.
828 1861 935 1926 Istum
951 1859 1136 1926 Iohannem
1159 1847 1321 1926 Themin*

224 1971 255 2027 10
274 1965 364 2030 riuus
377 1984 438 2030 rex
453 1965 545 2030 misit
560 1964 885 2050 Constantinopolim
899 1965 941 2030 ad
952 1966 1119 2032 Iustinum
1134 1950 1319 2052 imperito

274 2091 365 2150 rem;
383 2069 440 2134 sed
463 2090 632 2147 reuersum
656 2071 749 2134 iussu
774 2070 865 2136 illius
889 2069 1099 2149 Theodorioi,
1125 2071 1162 2137 in
1177 2086 1314 2160 ωορκ

273 2177 428 2242 moritur.
448 2176 530 2240 Post
546 2195 669 2261 paucos
684 2174 768 2252 diem
790 2196 851 2241 rex
866 2176 922 2240 ille
938 2175 1121 2244 crudeliter
1140 2161 1312 2250 extinctus

274 2285 338 2358 est,
353 2283 447 2346 ouius
464 2281 609 2345 animam
624 2279 757 2365 quidam
770 2281 937 2348 heremita
954 2282 1040 2349 vidit
1056 2283 1091 2348 in
1108 2281 1211 2351 ollam
1226 2280 1312 2352 vul-

275 2377 349 2453 cani
366 2389 483 2474 proiici
498 2408 558 2473 per
573 2386 699 2453 dictum
718 2387 903 2453 Iohannem
920 2408 1053 2475 papam.

320 2494 416 2558 Felix
428 2495 489 2571 IV,
502 2497 639 2568 sanctus
651 2491 836 2571 confessor,
858 2493 1013 2560 Sabinus.
1028 2529 1072 2545 -
1085 2493 1236 2562 Atteuus
1249 2493 1313 2565 tuit

275 2597 364 2666 beati
388 2599 542 2685 Gregorii
565 2598 724 2665 doctoris.
744 2599 838 2666 Sedit
853 2601 951 2665 annis
964 2604 1120 2686 quatuor,
1137 2598 1310 2671 mensibus

274 2704 414 2782 duobus;
423 2703 721 2782 diebustredeoim3
730 2705 1313 2796 cessauitmonseuno,diebusqui'n·

274 2833 337 2896 que
345 2809 930 2898 etuigenti.Constituitinfirmorum
939 2813 1093 2880 ultimam
1103 2813 1308 2894 unctionem

274 2917 503 3003 patriarcham
522 2915 932 3001 constantinopolitanum
953 2918 1270 2987 excommuniouuit.
1325 2962 1328 2968 ,

219 3150 256 3206 20
508 3133 638 3199 Iterum
650 3131 690 3198 de
702 3131 834 3216 reqibuu
845 3129 1069 3198 Francorum.

316 3346 414 3413 Anno
430 3346 564 3412 Domini
581 3347 848 3433 quingentesimo
871 3343 999 3412 docimo
1015 3350 1050 3413 ot
1070 3351 1205 3426 octauo,
1227 3337 1312 3419 obiit

271 3451 457 3521 Clodoueus
474 3474 548 3532 rex,
568 3459 602 3521 ot
621 3454 771 3539 sepultus
789 3451 854 3519 iuit
879 3454 914 3517 in
938 3453 1087 3520 oratorio
1101 3453 1312 3525 sancte-oe·

273 3557 392 3625 nouele
418 3560 582 3626 Parisius.
608 3559 698 3626 Ante
723 3560 826 3625 istum
846 3557 1063 3638 Clodoueum,
1080 3533 1311 3647 'regnauitln

273 3668 414 3734 Frentia
433 3667 567 3753 quidam
595 3668 767 3733 Romanus
782 3664 934 3752 Egydius
955 3667 1102 3744 nomine,
1118 3666 1200 3752 quiet
1213 3671 1324 3756 puta

207 3785 210 3790 ’
272 3773 430 3839 Clodouei
452 3773 625 3839 luxuriose
648 3774 767 3838 uiuens
788 3773 915 3839 eiectus
932 3771 1039 3852 ierat;
1059 3769 1118 3837 sed
1138 3776 1217 3858 post
1235 3778 1312 3846 ooto

272 3900 391 3958 annon,
414 3900 474 3965 per
492 3899 569 3944 suos
593 3880 719 3944 amicos
742 3882 933 3956 reuocatum
955 3877 1219 3964 parentemn
1232 3876 1313 3949 Gul-
1346 3894 1348 3896 ’

271 3987 405 4051 liarum.
433 3986 567 4051 Mortuo
586 4004 667 4050 vero
690 3983 833 4070 Egydio,
856 3983 947 4050 filius
971 4002 1064 4062 suus,
1087 3983 1256 4072 Siugriuo‚
1274 3984 1311 4050 in

270 4094 438 4160 Suessona
458 4091 627 4177 regnauit.
650 4090 785 4157 Mortuo
808 4089 997 4156 Childerioo
1023 4091 1115 4157 cirea
1125 4080 1312 4159 unnodlio-
