2970 5430
718 440 872 498 ..994-

481 673 533 739 De
549 672 804 759 imperatoribus
819 671 907 739 iltius
924 672 1093 757 temporis.

315 896 371 959 Hii
388 893 526 962 suerunt
537 896 757 981 imperatores
773 899 849 980 post
865 893 1047 980 Tybeoium
1061 890 1262 961 secondum:

312 1001 505 1066 Mauritius.
524 1038 567 1049 -
580 1001 819 1086 Illo-tempore,
838 998 990 1067 Clisades
1003 1003 1124 1066 contro
1142 999 1301 1067 Romanos

270 1104 488 1184 dimituntur3
509 1126 592 1171 auro
604 1105 712 1191 magis
724 1125 823 1190 quam
839 1104 929 1170 ferro
940 1105 1126 1192 pelluntur.
1138 1104 1302 1173 Hicllao·

270 1214 369 1280 nitius
386 1213 511 1279 Persas
528 1217 562 1280 et
574 1212 768 1277 Armeniam
784 1211 978 1279 debellauit.
1050 1260 1059 1282 ,

313 1427 422 1493 Huius
439 1432 600 1514 tempore,
620 1427 738 1494 boatus
762 1427 958 1515 Gregorius,
976 1428 1083 1495 Rome
1101 1424 1305 1494 archidiaco-

270 1554 345 1610 nus
361 1552 458 1620 papa,
474 1544 510 1599 ut
525 1534 669 1620 predixi,
687 1533 842 1600 efficitur.

315 1641 378 1706 Illo
399 1646 560 1727 tempore,
583 1640 702 1708 beatus
718 1641 903 1728 Gregorius
923 1640 965 1707 ad
978 1640 1230 1709 conuertendos
1242 1641 1307 1711 Ao·

272 1747 376 1832 glicos
395 1750 487 1815 misit
503 1754 657 1815 sanctum
676 1750 906 1836 Augustinum
922 1751 957 1814 in
971 1748 1145 1835 Angliam.

219 1865 253 1921 10
316 1855 440 1921 Postea
462 1855 643 1922 Mauritius
667 1856 863 1942 imperator,
885 1856 985 1923 beato
1008 1855 1176 1944 Gregorio
1193 1857 1309 1925 multos

157 1962 160 1966 ’
272 1958 414 2024 iniurias
440 1959 575 2038 latiens,
600 1968 742 2028 montem
767 1961 830 2026 sibi
849 1963 997 2029 minatus
1015 1966 1080 2029 est.
1099 1964 1196 2031 Tunc
1214 1983 1311 2051 appo·

272 2066 343 2132 ruit
357 2066 492 2151 quidum
507 2067 626 2133 habitu
640 2066 830 2133 monachali
841 2087 902 2154 pen
913 2067 1055 2134 Romam
1070 2065 1229 2135 deserens
1243 2067 1313 2157 gla-

273 2172 364 2238 dium
380 2180 415 2240 et
429 2174 579 2239 clamans
593 2176 790 2241 lllaunitium
807 2174 1050 2261 perimendum.
1065 2174 1162 2250 Quod
1178 2174 1312 2243 audieus

274 2279 469 2365 imperator,
487 2280 527 2346 de
542 2281 641 2345 malis
663 2283 733 2346 suis
749 2282 916 2367 penitens,
931 2282 1056 2348 meruit
1067 2280 1188 2349 audire
1204 2300 1314 2349 uocem

274 2384 424 2451 diuinam
438 2386 501 2452 sibi
517 2386 682 2454 dicentem
699 2409 706 2454 :
727 2418 741 2444 a
755 2389 817 2454 Vis
832 2388 887 2453 hio
898 2389 1010 2475 puniri
1026 2388 1080 2454 uel
1091 2389 1128 2454 in
1143 2386 1283 2457 intonui
1298 2417 1313 2445 ι

276 2493 462 2579 Respondit
482 2496 686 2581 imperator:
707 2495 961 2582 «Omnipotens
982 2496 1084 2574 Deus,
1113 2494 1219 2563 redde
1236 2495 1316 2561 mibi

278 2627 292 2653 a
312 2599 435 2664 malum
451 2620 559 2665 meum
576 2601 642 2679 hic,
656 2603 742 2668 utin
759 2601 873 2669 lutuno
888 2622 1019 2689 parcas.
1037 2631 1053 2660 υ
1069 2602 1114 2670 Et
1128 2603 1181 2669 sic
1192 2600 1316 2671 iacwm

275 2710 344 2785 est;
365 2726 443 2773 nam
460 2728 586 2793 pauper
601 2707 695 2786 obiit,
714 2708 820 2787 diues,
836 2714 875 2775 ut
891 2706 1103 2787 medilunia
1122 2708 1313 2777 celestibus.

279 2811 343 2879 Hic
357 2833 400 2878 ex
415 2812 597 2879 Grecorum
613 2818 714 2900 gente
725 2816 854 2902 primus
871 2815 975 2881 Rome
990 2815 1187 2902 imperauit.

222 3269 258 3325 ‘20
321 3246 385 3313 lllo
417 3252 579 3332 tempore,
613 3242 755 3329 quedam
775 3243 897 3308 mulier
917 3241 1037 3309 hebuit
1068 3242 1142 3309 sine
1170 3241 1316 3311 brachiis

277 3351 383 3425 filium
407 3358 442 3420 et
470 3354 542 3417 sine
563 3352 682 3428 oculis,
711 3356 745 3417 et
774 3352 809 3415 in
835 3348 942 3416 canda
965 3352 1042 3416 erat
1066 3349 1184 3435 piscis.
1203 3348 1317 3415 Iullo

277 3461 380 3526 etiam
407 3459 558 3539 flumine,
589 3460 653 3526 hoo
681 3464 844 3545 tempore,
872 3476 991 3523 serene
1016 3455 1127 3542 primo
1150 3455 1226 3521 uiae
1248 3450 1317 3521 loe

278 3577 370 3638 runt.

323 3679 395 3744 Hoc
425 3683 593 3765 tempore,
624 3677 812 3754 IohanneS,
845 3676 1021 3762 episcopus
1053 3670 1316 3747 Alexandrinus,

279 3785 389 3853 dictus
404 3787 681 3865 Elemosinanius,
696 3787 775 3871 quia
791 3784 993 3852 elemosinas
1009 3779 1166 3860 fallebat,
1185 3778 1314 3849 clanii.

322 4004 467 4071 Phocus.
485 4001 656 4069 -Primo
672 4000 736 4068 fuit
750 4001 919 4080 seruiens
937 3996 1057 4066 deinde
1074 3993 1117 4062 ob
1133 3993 1259 4063 menta
1270 3988 1341 4057 sui

281 4110 413 4179 seruitii
436 4109 532 4176 miles
556 4107 667 4177 factus
682 4114 746 4177 est.
768 4110 851 4177 Post
871 4108 912 4175 ob
926 4107 1123 4195 largitatem
1135 4097 1350 4173 saeuius-
