2918 5046
715 407 856 463 ης-

260 568 271 590 ι
297 539 477 604 secundum
503 540 655 605 ordinem
681 535 941 613 Melchisedech,
962 566 978 591 κ
1002 535 1117 611 tertio,
1136 534 1300 613 Herodes,

259 642 398 709 audiens
419 666 439 710 a
461 647 572 734 Magis
595 646 753 731 Xpistum
777 648 907 721 natum,
934 643 1112 708 uniuersos
1128 641 1302 711 Bethleem

259 752 418 838 paruulos
440 752 519 819 iecit
543 751 700 819 interfici.
730 751 828 816 Anno
856 750 1021 836 sequenti,
1047 748 1134 816 idem
1152 747 1302 817 Herodes

259 856 498 927 miserabiliter
510 866 562 926 est
575 858 768 925 defunctus.

544 1015 596 1082 De
611 1014 797 1082 Octourlmo
813 1027 846 1081 et
864 1014 1016 1100 Tyberio.

303 1180 697 1246 Annoahlnoarnatione
708 1179 837 1243 Domini
848 1177 1302 1267 xv,OetovianusAugustus

260 1285 375 1362 Cesar,
397 1287 622 1352 Romanorum
646 1287 841 1370 imperator,
866 1285 968 1351 etatis
993 1304 1051 1349 sue
1068 1284 1175 1362 lxxvi,
1204 1284 1298 1352 obiit.

260 1393 320 1458 Cui
337 1396 498 1459 suecessit
511 1393 675 1477 Tyberius
691 1402 724 1458 et
735 1393 915 1477 imperauit
931 1393 1031 1458 annis
1048 1393 1133 1458 xxii.

393 1660 445 1727 De
459 1661 522 1727 tiis
538 1683 600 1746 que
615 1673 761 1746 ternpore
777 1659 958 1727 Octauiani
970 1673 1163 1727 euenerunt.

210 1834 240 1888 10
305 1827 466 1911 Tempore
478 1826 655 1891 Oetouiani
673 1827 900 1913 imperatorie,
923 1830 961 1890 ut
975 1823 1101 1890 dictum
1116 1829 1182 1901 est,
1199 1829 1301 1890 natus

260 1939 312 1999 est
330 1933 490 1998 Dominus
507 1934 803 2019 llresus-Xpistus,
822 1932 998 2017 eompletis
1014 1931 1120 2018 igitur
1132 1930 1175 1997 ab
1190 1929 1299 1997 Adam

259 2042 403 2126 quinque
428 2041 562 2106 milibus
580 2048 712 2107 eentum
746 2041 896 2125 trigenta
920 2058 980 2103 sex
1005 2038 1116 2102 annis.
1134 2038 1302 2105 Veniente

259 2149 331 2234 ipso
348 2149 406 2212 llei
421 2148 490 2213 filio
507 2149 540 2213 in
556 2169 704 2224 carnem,
720 2154 817 2213 tanta
831 2166 911 2232 pace
924 2145 1103 2209 uniuersus
1117 2143 1210 2209 orbis
1222 2164 1302 2231 gun·

258 2255 370 2332 debat,
390 2264 427 2321 ut
442 2257 504 2322 toti
517 2255 589 2320 orbi
602 2255 808 2322 Ootouianus
822 2255 939 2318 unicus
954 2253 1182 2317 Romanorum
1194 2251 1302 2336 impe-

259 2370 352 2427 rator
368 2362 504 2448 pacifice
529 2363 726 2448 presideret.
757 2364 849 2426 Tune
873 2359 1080 2426 Octouianus
1093 2358 1180 2424 scire
1194 2356 1301 2423 uoluit

257 2476 338 2553 quot
349 2471 517 2555 prouintie
528 2479 561 2536 et
575 2480 653 2556 quot
665 2472 834 2546 ciuitates,
848 2473 929 2554 quot
941 2475 1066 2543 castra,
1082 2471 1164 2552 quot
1175 2465 1255 2531 ville
1266 2478 1300 2532 et

258 2585 338 2662 quot
359 2578 511 2643 homiues
535 2580 567 2643 in
585 2578 664 2642 orbe
688 2585 813 2642 essent.
842 2576 1011 2658 iussitque
1035 2579 1073 2640 ut
1096 2592 1212 2638 omnes
1235 2572 1300 2639 ho-

258 2685 364 2749 mines
387 2684 428 2749 ad
445 2685 571 2760 urbem,
598 2685 685 2750 unde
701 2684 883 2750 trahebant
898 2681 1076 2768 originem,
1104 2688 1298 2767 pergerent,

257 2800 291 2856 et
307 2790 444 2876 quilibet
462 2791 635 2856 denarium
653 2800 864 2878 argenteum,
879 2791 1046 2855 valentem
1073 2788 1185 2855 decem
1207 2809 1301 2854 num·

204 2898 239 2954 20
258 2916 330 2961 mos
342 2897 488 2973 usualem
506 2898 776 2964 secumati'erret.
789 2899 908 2985 loseph
922 2905 1047 2975 autem,
1068 2918 1143 2963 eum
1156 2903 1248 2963 esset
1259 2895 1300 2961 de
1320 2972 1325 2980 ,

258 3023 381 3087 genere
399 3003 518 3080 Dauid,
538 3006 758 3082 aNazareth,
778 3007 810 3070 in
834 3005 1018 3082 Bethleem,
1037 3003 1208 3091 proiectus
1231 3010 1297 3081 est,

258 3116 291 3176 et
317 3131 427 3176 seeum
453 3112 595 3176 Mariam
623 3111 731 3178 duxit.
767 3113 848 3178 Cum
879 3114 983 3198 igitur
1002 3111 1101 3176 umbo
1126 3109 1299 3176 Bethleem

258 3217 487 3297 aduenissent,
508 3219 719 3286 diuerterunt
735 3241 782 3298 se,
800 3221 966 3285 communi
989 3218 1151 3294 transitu,
1167 3218 1201 3282 in
1213 3216 1300 3283 duas

258 3322 374 3388 domos
396 3333 430 3393 et
452 3327 533 3392 inibi
562 3348 699 3414 presepe
715 3334 801 3393 erat.
826 3327 868 3392 Et
894 3328 967 3411 ipsa
990 3326 1095 3411 igitur
1116 3328 1215 3391 noete
1232 3321 1299 3389 diei

258 3427 434 3508 dominice,
453 3432 552 3500 beata
576 3436 686 3500 Maria
711 3437 807 3516 uirpo
830 3433 934 3498 filium
961 3435 1090 3520 peperit
1104 3433 1300 3519 incorrupte

258 3542 293 3603 et
317 3558 404 3615 eum,
432 3540 465 3604 in
482 3561 633 3628 presepe,
658 3542 779 3628 pannis
800 3541 1001 3616 inuolutum,
1025 3540 1148 3627 posuit.
1164 3539 1207 3605 Et
1220 3537 1300 3605 lieet

259 3645 361 3710 sciret
371 3646 494 3732 loseph
508 3649 610 3713 Deum
621 3649 661 3713 ‹le
675 3649 785 3714 llaria
798 3649 929 3733 uirgine
946 3649 1167 3724 nasciturum,
1183 3653 1298 3714 tamen

259 3773 384 3818 morem
402 3775 522 3839 gerens
539 3757 660 3842 patrie,
677 3755 892 3823 olrstrelrices
908 3759 1090 3821 uocauerat
1101 3752 1198 3818 Zebel
1210 3751 1300 3819 vide·

259 3861 335 3928 lieet
348 3870 380 3927 et
398 3863 541 3928 salome.
566 3862 660 3927 Zebel
679 3883 770 3935 uero,
790 3864 932 3929 hiarium
960 3862 1137 3949 uirginem,
1156 3867 1297 3927 matrem

207 3979 238 4033 ‘to
258 3968 487 4055 incorruptam
521 3969 723 4055 aspitiendo,
752 3968 996 4036 considerando
1032 3974 1067 4036 et
1098 3965 1298 4053 inquirendo

258 4078 447 4157 inueniens,
462 4077 666 4148 exclamauit
681 4079 846 4165 uirginem
867 4078 1046 4171 peperisse.
1063 4076 1195 4145 Saleme
1216 4095 1299 4143 uero
