2918 5046
703 508 856 567 -mc-

264 656 437 723 sompnum
459 638 661 725 interrupit;
684 638 831 723 semique
857 636 1004 724 uigilans
1027 636 1161 705 audiuit
1181 658 1286 705 uocem

263 743 327 810 sibi
346 744 534 812 dicentem:
555 774 569 800 a
584 744 653 813 lste
673 752 786 824 natus,
803 766 900 831 quem
916 743 1028 823 audis,
1047 763 1153 833 gener
1169 748 1244 813 tuus
1256 750 1288 813 et

264 849 362 916 heras
383 852 460 918 erit.
476 881 491 907 n
514 852 662 939 Surgens
689 859 770 920 tunc
793 854 988 939 imperator,
1010 852 1135 919 timens
1151 872 1193 918 ne
1208 850 1288 919 uda

264 958 441 1045 progenies
461 979 520 1025 sue
539 960 750 1038 misceretur,
771 960 873 1047 elegit
886 960 1118 1027 innascentem
1133 956 1284 1027 occidere.

307 1374 408 1440 blane
422 1372 510 1439 lacto
530 1372 787 1440 aduenientibus
800 1376 871 1439 suis
891 1374 974 1442 dicit
983 1372 1115 1441 duobus
1128 1396 1137 1441 :
1150 1404 1165 1431 ι
1184 1374 1245 1451 lte,
1257 1378 1287 1441 el

263 1500 402 1568 puerum
416 1479 620 1565 baptizatum
636 1479 787 1563 occidite,
800 1486 836 1547 et
849 1500 907 1546 cor
922 1482 996 1547 eius
1009 1486 1204 1569 asportate;
1219 1498 1285 1545 uam

263 1589 376 1654 carius
402 1587 484 1653 mihi
508 1593 561 1654 est
582 1588 684 1653 istum
711 1590 942 1655 innascentem
971 1588 1014 1654 ad
1035 1593 1132 1656 astra
1150 1588 1284 1665 mittere.

262 1714 361 1781 quam
378 1715 437 1782 per
451 1696 573 1781 ipsum,
592 1696 648 1780 qui
671 1714 713 1759 ex
737 1696 882 1781 pessima
904 1695 1064 1782 progenie
1088 1700 1154 1774 est,
1179 1692 1226 1761 illi
1238 1692 1285 1781 qui

262 1800 419 1867 nascendi
455 1806 535 1866 sunt
563 1799 604 1867 de
637 1820 759 1887 genere
785 1800 876 1867 fideli
903 1808 1021 1869 nostro
1049 1799 1093 1868 ad
1117 1798 1286 1867 infernalia

211 1910 242 1963 ¹0
262 1906 543 1975 condescendant.
562 1940 576 1965 n
594 1910 687 1976 'l'unc
702 1910 766 1997 ipsi
786 1908 961 1986 abeuntes,
979 1906 1199 1995 volentesque
1222 1924 1286 1995 pue·

262 2034 337 2080 rum
354 2014 560 2103 baptizatum
583 2024 618 2082 et
643 2018 824 2082 Henricum
847 2016 1057 2082 nominatum
1077 2012 1230 2101 perdere,
1242 2012 1285 2081 ri·

261 2120 379 2189 dentes
403 2124 511 2209 ipsum
536 2123 699 2190 nitentem
716 2130 754 2190 ut
779 2123 935 2210 angelum
963 2126 998 2188 et
1019 2121 1203 2201 ridentem,
1228 2138 1284 2187 nan

261 2229 335 2292 ausi
357 2235 437 2296 suut
451 2230 559 2316 ipsum
582 2228 733 2295 occidere
755 2228 812 2295 sed
836 2228 945 2316 ipsum
967 2230 1078 2315 sepius
1100 2228 1283 2307 Henricum,

261 2336 481 2402 llenriculum
502 2335 733 2404 nominabant.
752 2338 826 2401 Dux
848 2355 930 2401 uero
945 2334 1122 2401 Alemanie
1141 2334 1184 2403 de
1198 2334 1286 2403 Oete·

261 2446 360 2531 rigia,
380 2447 486 2531 quiin
504 2466 639 2512 nemore
654 2444 696 2511 ad
716 2445 866 2512 latrones
881 2443 1105 2513 destruendos
1125 2442 1285 2521 latitabat,

261 2554 352 2640 ipsos
375 2552 575 2629 ascultabat‚
611 2558 647 2619 et
673 2552 784 2639 sepius
809 2571 949 2639 puerum
971 2551 1149 2617 nominare
1173 2548 1287 2617 Henri-

261 2680 335 2725 cum
354 2658 523 2725 audiebat.
543 2660 586 2725 Et
612 2660 660 2725 sic
682 2660 824 2746 ipsemet
839 2658 908 2724 dux
930 2658 1129 2735 vocabatur,
1147 2654 1287 2725 audiuit·

262 2786 324 2851 que
347 2764 388 2831 ab
405 2766 454 2831 eis
470 2765 636 2851 quomodo
659 2767 843 2852 imperator
867 2763 954 2829 male
980 2762 1128 2833 faciebat
1155 2780 1286 2853 puerum

260 2870 440 2959 perdenda.
460 2871 623 2937 Omnibus
638 2872 765 2939 auditis
781 2892 854 2938 cum
873 2872 1020 2939 tumultu
1036 2873 1245 2960 superuenit,
1259 2872 1288 2937 el

207 2986 243 3041 ‘20
260 2978 325 3045 duo
343 2978 514 3065 sugerunt,
531 2980 712 3044 Henricum
728 3000 868 3066 puerum
881 2978 1124 3065 relinquentes.
1140 2978 1216 3047 Dux
1236 2998 1288 3045 cu·

260 3087 355 3173 piens
377 3106 516 3173 puerum
539 3086 666 3164 videre,
695 3105 761 3151 non
787 3084 955 3171 fugientes
981 3086 1216 3172 persequitur;
1238 3078 1287 3151 led

260 3216 398 3283 puerum
424 3202 462 3261 ut
487 3193 642 3279 angelum
668 3194 830 3259 nitentem
855 3196 890 3258 et
912 3190 1077 3257 ridentem
1111 3190 1289 3279 septimine

260 3300 445 3367 osculatur.
464 3300 646 3385 Fugientes
662 3300 752 3365 inter
769 3318 804 3363 se
820 3297 997 3363 concilium
1019 3295 1222 3365 adhibentes
1233 3314 1288 3385 que

261 3407 459 3493 imperatori
499 3406 667 3483 dixerent,
696 3427 796 3471 canes
826 3426 942 3471 eurum
969 3405 1115 3493 leporem
1145 3406 1287 3495 capiunt.

261 3514 355 3579 cuius
378 3534 436 3579 cor
456 3516 637 3601 accipiunt,
664 3519 698 3581 et
722 3514 917 3601 imperatori
932 3532 994 3601 pro
1014 3512 1115 3579 corde
1130 3512 1227 3601 pueri
1240 3530 1290 3579 re·

261 3626 469 3708 presentant..
488 3622 563 3687 llux
579 3642 659 3687 uero
672 3622 857 3689 Henricum
877 3641 1016 3709 puerum
1033 3640 1094 3708 per
1108 3620 1288 3709 quindecim

261 3747 368 3794 annas
393 3727 556 3805 seruauit,
576 3729 733 3805 initriuit,
753 3736 787 3795 et
811 3728 965 3805 sanauit3
983 3732 1018 3794 et
1034 3728 1115 3813 quia
1130 3747 1219 3795 uxor
1234 3746 1289 3793 aua

261 3832 1289 3921 steriliserat,ipsuminfiliumadoptauitPuerveroaDeaet

260 3937 450 4003 hominibus
461 3940 649 4007 amabatur.
665 3943 748 4009 Post
765 3942 837 4019 hec,
853 3960 955 4027 puero
975 3940 1127 4009 intrante
1139 3940 1176 4007 in
1198 3939 1290 4029 quiu-

205 4058 241 4115 30
257 4054 328 4113 tum
340 4045 504 4112 decimum
515 4068 652 4125 annum,
663 4046 1042 4133 Crirrardusimperatcr
1052 4044 1290 4115 indomeducia

258 4153 1288 4243 pernoctauit.Pucrquecoramimperatoreassistebat.Quem
