2970 5430
675 469 710 480 ..
728 442 765 496 50
784 469 818 482 ..

222 570 315 654 prius
330 567 502 632 allomino
517 565 715 630 audierant:
734 596 749 621 a
764 567 892 633 Euntes
907 569 940 633 in
958 567 1129 647 mundum,
1148 569 1262 655 predi·

225 705 238 730 α
257 679 332 739 cate
359 670 595 757 euuangelium
614 672 704 735 omni
722 677 897 751 creature,
916 705 930 730 n
956 674 1144 742 recolentes
1158 676 1261 744 etiam

221 781 412 866 linguarum
431 776 763 862 omniperitiamcum
783 778 860 844 aliis
881 778 1054 866 discipulis
1065 781 1262 850 visitatione

221 884 502 968 Sancti-Spiritus
529 881 749 959 attributam,
767 904 834 948 non
851 885 1002 953 lecerunt
1028 888 1160 953 animas
1181 909 1261 955 suas

220 988 581 1079 pretiosioresseipsis;
593 988 650 1053 sed
659 990 1260 1081 ammonitisprincipisApostolorum

222 1098 488 1183 adquiescentes,
518 1101 737 1179 susceperunt
760 1095 967 1175 mandatum,
984 1106 1146 1186 rogantes
1161 1119 1261 1166 sanc·

220 1204 389 1269 tissimum
409 1202 546 1267 Petrum
564 1199 738 1265 humiliter
764 1206 802 1266 ut
826 1221 887 1286 pro
909 1203 958 1267 eis
977 1206 1142 1271 attentius
1160 1224 1262 1291 pero-

220 1313 324 1374 raret.

264 1522 484 1589 Beatissimae
508 1509 589 1584 uero
603 1518 746 1594 Petrus,
764 1523 840 1602 post
858 1517 966 1583 dultia
980 1520 1158 1606 colloquia,
1176 1521 1260 1587 dans

167 1641 199 1696 10
219 1629 424 1704 orationem,
446 1625 604 1711 imposuit
628 1624 677 1687 eis
697 1643 837 1700 manus,
866 1630 900 1689 et
927 1623 1007 1690 dato
1023 1625 1137 1690 osculo
1153 1626 1258 1711 pacis,

219 1738 401 1818 sanctoque
417 1731 599 1798 Sauiniano
615 1728 656 1794 ad
675 1729 811 1794 ordines
838 1748 953 1794 sacros
972 1730 1262 1815 archipresulatum

218 1837 386 1915 ordinato,
406 1858 463 1902 eos
478 1856 546 1900 ase
561 1835 701 1911 dimisit,
716 1829 861 1919 'pecunia
876 1854 1014 1912 uacuos,
1032 1835 1090 1900 sed
1105 1834 1264 1903 benedic·

218 1947 308 2011 tione
322 1944 504 2029 locupletes
523 1946 558 2007 et
572 1941 685 2027 gratia
702 1940 858 2006 salutari.

260 2050 323 2125 Qui
338 2049 416 2114 dum
439 2048 688 2134 pertransirent
702 2046 874 2122 Ytaliam,
900 2044 1061 2131 quosdam
1085 2047 1120 2111 in
1138 2048 1261 2114 itinere

216 2156 485 2242 baptizauerunt.
503 2153 651 2218 Tandem
674 2151 715 2217 ad
732 2151 861 2216 Gallias
876 2153 1126 2237 perueniantes,
1144 2155 1263 2221 audie·

217 2265 297 2325 runt
312 2260 524 2344 Metropolim
539 2260 706 2324 Senonum
719 2277 778 2342 pre
793 2259 915 2322 ceteris
927 2256 1064 2322 urbibus
1076 2279 1152 2323 essa
1163 2260 1262 2327 nobi-

216 2366 352 2442 liorem;
383 2365 605 2430 decreuerunt
642 2364 729 2450 quod
766 2363 895 2430 fatilius
933 2366 1073 2430 Domino
1111 2366 1263 2434 membra

217 2470 459 2555 subiugarent,
490 2471 518 2533 si
532 2475 633 2554 caput
650 2471 684 2534 in
699 2471 818 2556 primis
833 2470 983 2535 subicere
998 2478 1149 2558 possent.
1168 2476 1262 2542 Tunc

216 2580 357 2644 Senonis
372 2577 581 2653 accedentes,
603 2579 637 2640 in
649 2578 736 2649 uico,
752 2579 808 2662 qui
821 2578 929 2642 Viuus
946 2577 1082 2656 dicitur,
1101 2600 1263 2665 perman-

162 2698 198 2754 ‘20
218 2688 346 2762 serunt,
361 2689 395 2750 et
412 2685 457 2749 ibi
476 2684 599 2749 multos
615 2683 883 2769 baptizauerunt,
905 2685 996 2750 inter
1017 2706 1102 2770 quos
1123 2684 1262 2753 fuerunt

218 2792 326 2857 sancti
350 2791 524 2858 Serotinus
549 2796 583 2856 et
606 2789 775 2855 Eodaldus
801 2811 883 2875 quos
909 2791 1120 2875 postmodum
1141 2791 1260 2859 beatus

218 2898 420 2964 Sauiniauus
444 2896 486 2960 ad
501 2896 700 2962 diaconatus
716 2895 887 2962 ordinauit
902 2896 1050 2962 ordines.
1084 2898 1260 2983 Hospitem

219 3022 298 3067 uero
312 3021 408 3066 suum
423 3002 645 3071 cumlamilia
663 3023 724 3066 sua
741 3007 775 3067 et
790 3022 895 3087 paruo
911 3001 980 3068 filio
996 3001 1195 3088 baptizauit.

263 3329 346 3394 Erat
356 3328 518 3414 siquidem
532 3328 566 3391 in
586 3325 701 3391 eodem
713 3322 973 3408 uicoydolorum
983 3323 1144 3409 templum
1156 3323 1256 3408 quod,

218 3431 376 3515 proiectis
389 3431 512 3516 ydolis,
536 3437 674 3497 sanctus
695 3429 920 3505 Sauiniauus,
940 3429 974 3492 in
994 3428 1121 3493 honore
1136 3429 1258 3494 Salua-

218 3537 305 3603 toris
330 3536 505 3601 ecclesiam
529 3536 752 3602 consecrauit.
778 3533 903 3598 Deinde
918 3534 1032 3599 urbem
1049 3533 1254 3621 ingrediens,

220 3629 373 3721 Ihesurn,
401 3625 531 3707 ciuibus
548 3647 628 3708 ante
642 3643 872 3727 incognitum,
892 3642 1063 3707 nuntiauit
1084 3648 1119 3706 et
1133 3638 1257 3706 multos

218 3748 415 3835 baptizauit,
433 3751 472 3814 ln
486 3749 655 3833 murisque
665 3748 815 3814 ciuitatis
831 3748 1005 3833 signacula
1020 3751 1136 3812 sancte
1148 3747 1257 3811 crucis

218 3855 363 3940 propriis
376 3854 530 3920 manibus
548 3854 729 3938 impressit,
745 3874 808 3939 que
821 3853 929 3918 adhuc
943 3854 976 3918 in
988 3855 1120 3940 magnis
1133 3853 1258 3940 lapidi-

165 3972 198 4027 30
221 3963 280 4026 bus
297 3960 471 4049 apparent.
1211 3965 1216 3974 “
