2970 5430
719 458 877 514 ..190-

273 606 394 672 equum
414 585 591 664 redimere,
608 587 702 653 misit
717 586 849 654 custodi
860 586 1001 654 ecclesie
1015 592 1151 656 centum
1169 589 1318 672 solidos}

275 693 331 759 sed
352 714 457 780 equus
481 695 577 761 stetit
595 693 788 761 immobilis.
815 693 908 769 Quod
932 696 1075 763 audiens
1090 717 1153 765 rex
1167 698 1320 767 conside·

274 802 366 866 rauit
384 801 518 867 beatum
533 801 718 867 Martinum
734 802 831 887 parui
844 801 1001 886 pendisse
1017 808 1153 871 centum
1175 804 1316 884 solidos,

274 913 308 973 et
321 912 401 973 tunc
416 907 501 971 alios
511 910 644 972 centum
658 906 783 971 solidos
800 908 893 974 misit
904 927 966 994 pro
982 909 1058 994 equi
1070 909 1315 1000 redemptione.

275 1014 399 1089 Quibus
427 1019 647 1100 prouentum
678 1013 796 1079 solidis
823 1035 844 1078 a
864 1014 1002 1082 custode
1029 1019 1190 1105 receptis,
1212 1039 1317 1107 equus

274 1120 414 1187 eductus
429 1126 482 1186 est
496 1125 530 1187 et
542 1120 614 1206 regi
627 1124 854 1205 presentatus.
867 1120 964 1187 Vnde
974 1141 1036 1187 rex
1046 1121 1158 1190 fertur
1167 1123 1313 1193 dixisse:

276 1256 291 1282 κ
309 1228 453 1294 Sanctus
474 1229 645 1294 Martinus
659 1227 766 1293 bouus
786 1227 971 1295 auxiliator
982 1233 1047 1308 est,
1067 1229 1126 1296 sed
1138 1249 1243 1298 carus
1257 1250 1316 1298 ne·

277 1365 291 1391 u
311 1336 476 1421 gociator.
494 1366 509 1392 n

274 1553 326 1618 De
338 1551 500 1636 baptismo
517 1549 674 1618 clotena·
690 1563 723 1616 ct
737 1550 948 1618 coronatione
960 1552 1104 1618 eiusdem
1116 1563 1150 1620 et
1167 1553 1210 1621 de
1222 1574 1315 1621 sacra

222 1671 255 1727 lo
496 1660 650 1727 unctione
662 1660 1089 1746 peranqelumarportota.

318 1878 489 1953 Quomodo
504 1899 585 1945 uero
599 1876 686 1943 idem
706 1897 768 1943 rex
783 1876 973 1962 baptizatus
988 1879 1041 1942 est
1056 1875 1186 1953 Remis,
1201 1873 1314 1942 multis

275 1986 310 2050 in
322 1985 418 2051 libris
433 1987 638 2054 continetur.
655 1986 698 2052 Et
710 1986 746 2050 in
760 1983 930 2049 Pentheum
944 1983 1102 2069 magistri
1117 1980 1315 2051 Gotheiredi

275 2093 324 2158 sic
339 2091 517 2159 scribitur:
536 2090 726 2177 Inquodam
743 2089 860 2176 preliO,
876 2110 896 2156 a
913 2088 1033 2154 Sueuis
1046 2085 1239 2153 Clodoueus
1252 2085 1316 2153 nio

274 2205 330 2266 tus
353 2199 418 2265 luit
434 2205 468 2267 et
490 2200 639 2285 fugatus.
662 2190 704 2262 In'
717 2198 791 2282 ipsa
815 2195 1002 2282 fugatione,
1024 2193 1121 2260 uouit
1138 2193 1210 2260 Deo
1222 2193 1316 2280 xpin-

274 2307 444 2372 tianorum
460 2303 547 2392 quod
566 2305 594 2370 si
611 2303 689 2369 inde
704 2305 776 2369 sine
791 2301 988 2368 confusione
1003 2300 1115 2366 redire
1126 2302 1257 2385 posset,
1274 2295 1316 2363 nd

275 2413 484 2479 uoluntatem
521 2412 637 2498 regine
671 2411 834 2496 reciperet
856 2407 897 2474 ad
925 2407 1212 2494 xpistianitatem.
1245 2402 1316 2471 1100

274 2519 377 2597 dicto,
393 2520 531 2597 inimici,
546 2518 666 2605 quibus
681 2523 780 2604 terga
795 2516 947 2594 dederat,
968 2516 1003 2580 in
1018 2515 1133 2601 fugam
1152 2533 1215 2600 per
1235 2510 1317 2579 diui·

275 2646 354 2690 num
368 2625 565 2691 miraculum
579 2646 615 2691 se
628 2623 804 2702 dederunt,
814 2624 967 2691 etuictor
979 2620 1124 2690 efficitur
1138 2640 1202 2691 rex
1212 2622 1317 2689 Frau-

275 2754 399 2800 corum.

219 2850 254 2907 20
318 2841 400 2908 Post
414 2841 516 2906 istam
535 2841 715 2907 victoriam
729 2841 823 2907 uenit
836 2841 950 2906 Remis
963 2845 997 2909 et
1012 2860 1033 2905 a
1047 2839 1147 2907 beato
1163 2838 1316 2928 Remigio

274 2946 477 3035 baptizatur,
495 2947 750 3014 communicatis
766 2948 942 3034 episcopis,
958 2947 1049 3014 inter
1066 2965 1150 3032 quos
1163 2943 1231 3013 suit
1243 2943 1316 3012 bea·

274 3059 330 3120 tus
352 3052 519 3130 Eraclius,
546 3053 818 3140 archiepiscopus
846 3052 1064 3130 Sunonensis
1095 3052 1152 3137 qui
1179 3052 1248 3118 iam
1273 3046 1315 3116 ad

273 3157 509 3245 baptizandum
525 3180 638 3245 regem
654 3157 811 3236 affuerat,
824 3159 908 3225 utin
924 3157 1147 3224 Remensibus
1162 3156 1314 3225 historiis

273 3269 477 3334 continetur.
495 3266 673 3332 Predictus
688 3286 750 3332 rex
763 3265 804 3331 ab
825 3266 1042 3333 ecclesiarum
1058 3263 1201 3350 prelatis
1218 3262 1315 3350 petiit

274 3373 441 3438 coronari.
458 3372 530 3447 Quo
555 3371 656 3450 facte,
683 3374 791 3459 ipsum
816 3374 850 3437 in
871 3393 983 3460 regem
1007 3375 1192 3438 unxerunt.
1210 3370 1257 3439 let
1280 3371 1313 3437 in

274 3479 390 3545 multis
418 3479 569 3566 legendis
594 3481 798 3557 continetur,
832 3479 919 3565 quod
950 3481 1040 3566 pium
1071 3484 1126 3546 est
1155 3476 1311 3556 credere,

274 3585 361 3670 quod
376 3586 517 3672 angelus
532 3587 663 3652 Domini
677 3588 870 3652 unctionem
882 3586 999 3653 attulit
1015 3605 1089 3651 cum
1099 3583 1216 3672 phiala
1226 3581 1313 3671 quod

274 3693 384 3760 adhuc
405 3695 519 3760 Remis
541 3696 577 3759 in
594 3695 802 3761 monasterio
822 3691 1098 3778 Sancti-Remigii
1117 3689 1161 3757 ad
1182 3688 1315 3757 unctio-

274 3821 349 3866 nem
363 3821 480 3887 regum
496 3803 702 3868 Francorum
715 3801 897 3867 honorifice
910 3804 1145 3867 conseruatur.
1156 3794 1315 3887 Crogilda

221 3917 254 3974 30
274 3928 355 3974 uero
366 3910 486 3996 regina
505 3908 570 3975 luit
582 3908 640 3974 illo
652 3914 803 3995 tempore
818 3912 992 3975 coronata.
