2918 5046
715 477 858 536 -3g-

262 605 323 680 eis,
342 603 499 681 Athenis,
525 609 607 671 tunc
634 610 809 694 temporis,
841 608 959 675 heatus
983 607 1179 694 Dyonisius,
1201 613 1241 675 ut
1266 607 1299 672 in

260 708 358 787 libro,
373 731 432 796 per
447 712 555 796 ipsum
570 710 674 789 edito,
692 715 877 791 inuenitur,
895 719 995 800 prout
1005 714 1151 800 pleniter
1160 711 1302 780 inferius

259 815 449 884 declarabo.

303 1031 414 1118 Igitur
427 1031 512 1099 feria
524 1033 645 1120 prime,
659 1035 821 1101 Dominus
835 1035 955 1102 lhesus
966 1036 1141 1122 Xpistusu
1156 1034 1301 1103 momnis

258 1139 464 1216 resurrexit,
499 1144 535 1205 et
570 1159 646 1205 cum
681 1160 722 1206 eo
756 1140 868 1219 multi,
890 1140 1195 1225 qui'dormierent,
1222 1157 1301 1205 sur-

257 1251 432 1323 rexerunt,
449 1246 531 1312 etin
544 1246 686 1313 ciuitate
701 1247 910 1314 [herusalem
927 1250 1159 1334 apparuerunt
1169 1244 1297 1313 multis.

257 1350 297 1417 In
313 1352 514 1438 euuangelio
533 1352 733 1420 Niclrodemi
750 1354 877 1441 legitur
889 1354 977 1440 quod
1000 1354 1146 1420 Curinus
1158 1356 1196 1420 et
1209 1352 1301 1420 Len·

256 1458 338 1535 tius,
373 1458 435 1525 filii
458 1459 636 1544 Symeonis
663 1462 758 1539 iusti,
789 1481 863 1526 cum
893 1480 933 1526 eo
960 1461 1235 1536 resurrexerunt,
1265 1461 1301 1525 et

257 1570 487 1650 apparuerunt
506 1566 617 1643 Anne,
640 1565 790 1652 Cayphe,
814 1565 1036 1641 Nichodemo,
1067 1563 1201 1651 Ioseph,
1229 1561 1301 1631 Gt·

206 1680 239 1734 lo
259 1669 383 1735 malieli
397 1677 431 1737 et
446 1671 562 1738 multis
573 1672 663 1749 aliis
679 1680 714 1739 et
729 1673 889 1739 dixerunt
901 1674 951 1737 eis
976 1693 983 1737 :
1008 1703 1023 1728 u
1041 1671 1124 1737 Cum
1148 1688 1300 1737 essemus

260 1806 275 1832 a
291 1798 365 1841 cum
392 1777 545 1863 patribus
570 1781 604 1843 in
630 1780 775 1866 caligine
791 1779 1030 1855 tenebrarum,
1052 1778 1163 1845 subito
1189 1774 1301 1842 factus

260 1916 274 1937 a
293 1889 347 1950 est
362 1884 455 1950 color
474 1885 568 1962 solis,
585 1886 642 1950 lux
658 1907 762 1952 auree
778 1888 956 1954 illustrans
973 1905 1161 1972 supernos.
1177 1883 1299 1951 Statim

261 2022 275 2044 u
293 1989 425 2068 Adam,
453 1993 580 2077 primus
612 1993 724 2070 horno,
748 1994 917 2060 exultauit
943 1993 1074 2058 dicens:
1099 2023 1113 2047 κ
1131 1991 1206 2057 Lux
1234 1990 1301 2056 iste

261 2128 275 2152 u
292 2099 418 2165 actoris
446 2098 583 2163 luminis
617 2106 687 2176 est,
715 2102 772 2185 elui
804 2099 899 2166 nohis
924 2100 1080 2185 promisit
1105 2101 1299 2163 coeternum

261 2236 275 2259 u
294 2206 429 2271 mittere
446 2205 559 2270 lumen
576 2227 685 2270 suum.
707 2236 721 2261 n
740 2207 782 2273 nt
800 2206 946 2270 Ysaies:
967 2236 982 2261 a
1002 2204 1071 2270 Hec
1086 2204 1145 2269 lux
1158 2202 1219 2267 llei
1233 2207 1298 2276 est,

261 2341 276 2365 u
293 2317 330 2377 ut
345 2311 476 2397 predixi
493 2333 500 2377 :
523 2313 683 2399 PopuluS,
699 2314 755 2398 qui
773 2311 967 2379 errrbulabat
980 2313 1015 2376 in
1030 2309 1191 2386 tenebris,
1215 2306 1302 2373 uidit

262 2449 276 2471 u
296 2417 402 2483 lucem
439 2437 609 2506 magnam.
641 2450 655 2475 n
690 2421 732 2486 nt
762 2421 865 2487 ceteri
897 2419 1058 2506 prophete
1087 2414 1299 2484 exultabant.

262 2554 277 2578 κ
297 2523 494 2603 Abraham,
528 2527 655 2604 Dauid,
682 2527 1054 2613 lohannes-Baptista,
1090 2525 1237 2610 Symeon
1267 2527 1301 2585 et

262 2631 419 2699 «fideles.
438 2664 452 2689 n

207 2979 242 3032 ‘20
308 2962 383 3028 Hiis
401 2962 514 3039 dictis,
544 2962 688 3029 Carinus
703 2966 738 3026 et
756 2959 897 3024 Lentius
912 2951 1252 3039 transfiguratisuut,
1268 2952 1303 3013 et

262 3077 474 3135 euanuerunt
490 3067 649 3134 aboculis
668 3086 784 3132 eorum
804 3063 924 3150 quihus
940 3061 1002 3127 hec
1026 3065 1061 3125 et
1089 3055 1197 3123 multe
1219 3053 1300 3129 eliu,

261 3199 325 3262 que
342 3186 493 3251 transeo,
514 3174 734 3241 enarrabant.

307 3285 416 3370 Igitur
442 3284 604 3350 Dominus
631 3282 750 3348 lhesus
776 3279 926 3345 surrexit
954 3295 975 3340 a
1001 3272 1143 3340 mortuis
1159 3275 1196 3336 et
1220 3287 1303 3334 con·

261 3396 419 3458 uersatus
447 3397 500 3457 est
522 3412 597 3456 curn
620 3386 790 3474 hpostolis
813 3393 848 3452 et
871 3382 1067 3470 discipulis,
1107 3366 1192 3445 Iuda
1219 3376 1302 3444 Sce-

263 3498 373 3565 riothe
403 3499 475 3585 jam
508 3516 683 3583 suspenso.
721 3493 804 3560 Post
839 3492 901 3557 hec
926 3487 1119 3557 videntibus
1147 3483 1301 3551 undecim

262 3606 424 3693 apostolis
449 3611 484 3672 et
510 3604 696 3691 discipulis,
730 3600 772 3666 ud
799 3600 888 3666 celos
912 3596 1077 3664 ascendit.

591 3820 644 3887 Dc
665 3832 781 3888 sitrecte
795 3818 973 3904 Stephano.

306 4042 547 4131 Sodomorum,
573 4041 847 4131 prothomartyr,
872 4045 1010 4107 sanctus
1032 4031 1224 4124 Stephanus
1244 4047 1304 4116 pro

261 4151 407 4218 ueritate
438 4149 608 4237 lapidatus
646 4156 710 4216 est.
753 4149 798 4216 Ile
830 4148 993 4235 sanguine
1026 4143 1130 4230 ipsius
1161 4135 1304 4226 protho-
