2970 5430
732 462 895 523 „ffl-

280 595 384 665 fisicis
397 596 582 685 incognito,
598 594 654 663 die
666 594 826 662 mercurii
838 592 1007 681 sequenti,
1024 588 1075 661 ad
1091 590 1321 671 Domlnml

280 707 383 772 certis
409 705 568 793 opinatur
589 703 736 782 inditiis,
767 700 1046 789 transmigrauit,
1078 720 1177 769 anno
1206 700 1322 769 llomisi

280 816 459 883 millesimo
479 815 710 883 ducentesimo
737 796 945 899 octogesimo
963 812 1095 899 quarto
1112 832 1123 891 ;
1146 814 1188 879 et
1204 810 1323 879 w

281 921 377 990 sedes
400 928 546 1010 quatuor
566 921 696 988 diebus.
719 918 873 987 Perrusii
895 920 932 985 in
946 918 1100 987 ecclesia
1114 916 1324 987 Suculae

280 1032 383 1098 rentii
405 1032 604 1098 tumulatur.
635 1028 688 1096 Ad
713 1028 809 1095 cuius
839 1027 1024 1105 tumulum,
1059 1028 1102 1093 nt
1126 1024 1257 1093 dieunt
1278 1020 1324 1113 ‘l

279 1136 452 1216 uiderunt,
483 1137 591 1205 multa
611 1135 778 1203 miracula
804 1138 840 1203 et
863 1132 1066 1203 curationes
1096 1132 1324 1223 languenti!

281 1242 421 1312 affuere.

324 1352 495 1419 Honorius
510 1352 560 1421 IV
569 1353 757 1431 Romanus,
772 1350 814 1418 de
828 1346 1179 1419 domoSebellorurn.
1188 1348 1320 1417 -ΔΙΙ

280 1459 413 1525 Domini
452 1460 632 1527 millesimo
671 1458 902 1527 ducentesimo
941 1456 1168 1545 octogesimo
1207 1458 1313 1547 qun&

228 1582 262 1639 10
279 1566 418 1655 eligitur
428 1568 594 1647 Perrusii,
612 1567 769 1656 quamuis
791 1566 960 1654 impotens
984 1562 1032 1633 ed
1056 1562 1095 1633 id
1112 1556 1315 1645 erederffl

278 1674 566 1762 perHostiensem
589 1676 781 1763 episcopum
806 1672 1016 1741 cardinalem
1043 1672 1319 1751 consecutum

279 1785 474 1849 coronatur.
520 1782 595 1861 Hic,
623 1783 659 1849 in
698 1781 853 1849 omnibus
876 1778 969 1849 iacta
995 1778 1262 1869 predecessoris
1280 1774 1320 1847 ἥ

279 1908 434 1974 sequens,
447 1887 686 1956 Attrabacensi
696 1888 824 1967 comiti,
838 1906 899 1976 pro
911 1906 991 1975 rege
1002 1884 1128 1955 Sicilie
1139 1882 1319 1963 debellnfl.
1356 1942 1358 1953 .

278 1995 474 2062 necessaria
496 1995 630 2064 tribuit.
663 1996 707 2064 nt
733 2014 874 2083 regnum
893 1992 1107 2083 Arragonie,
1129 1992 1231 2083 qnod
1251 1990 1321 2061 lna

278 2105 438 2170 memorie
461 2123 549 2191 papa
563 2104 738 2171 Martinus
753 2104 788 2169 in
813 2100 1039 2189 dispositione
1055 2102 1160 2189 regis
1185 2100 1320 2169 nnn·

279 2231 354 2277 rum
377 2216 549 2300 posuerat,
580 2210 668 2276 idem
701 2208 875 2277 Honorius
915 2206 1156 2289 confirmauit,
1207 2198 1320 2275 donam

279 2314 509 2403 indulgentias
523 2316 578 2382 his
593 2318 649 2402 qui
676 2336 752 2383 oum
775 2334 855 2404 rege
878 2314 1038 2403 Philippo
1051 2320 1184 2383 contra
1197 2314 1319 2385 Peru

278 2421 468 2508 Arragonie
488 2421 642 2505 adirent;
663 2427 698 2490 et
722 2423 831 2491 uoluit
850 2425 890 2490 ut
915 2418 1068 2489 Karalus
1094 2420 1231 2503 iunior,
1244 2420 1319 2511 πῄ
1346 2432 1349 2437 ’

278 2529 381 2609 filius,
400 2531 430 2597 si
443 2537 559 2620 posset
582 2552 726 2621 regnum
749 2532 790 2599 de
812 2530 968 2599 manibus
995 2530 1098 2599 Petri
1119 2532 1228 2623 eripi,
1245 2528 1320 2601 sd

223 2648 260 2707 20
279 2659 341 2705 rex
359 2640 550 2728 Arragonie
572 2646 768 2709 coronatus.
791 2642 836 2709 Et
856 2638 1047 2707 sententias
1062 2644 1197 2709 eontra
1210 2638 1319 2713 didm

279 2748 419 2816 Petrum
438 2769 498 2836 per
519 2754 637 2817 sancte
658 2749 818 2817 memorie
840 2766 962 2837 papam
975 2746 1176 2815 Martinnm
1191 2748 1280 2819 lates
1293 2726 1319 2815 d

278 2873 358 2921 suos
388 2874 612 2937 successores,
641 2855 683 2923 de
708 2874 875 2923 consensu
907 2853 1058 2923 omnium
1088 2854 1317 2937 cardinalia.

278 2960 504 3032 confirmauit.

320 3180 420 3246 Anno
455 3179 589 3246 Domini
622 3178 803 3247 millesimo
849 3174 1085 3245 ducentesimo
1120 3180 1316 3273 octogeni!

276 3290 411 3371 quarto,
430 3286 683 3354 illustrissimus
708 3285 897 3373 Philippus,
922 3302 986 3351 rex
1010 3282 1244 3371 Francorum,
1269 3284 1314 3377 qui

275 3392 311 3457 in
353 3394 580 3481 Arragoniam
605 3412 764 3481 magnum
790 3392 978 3460 exercitum
1015 3388 1186 3475 duxerat,
1229 3398 1312 3485 capu

274 3517 398 3585 magna
421 3505 519 3587 parte
547 3500 655 3589 regni,
678 3498 828 3568 naturali
854 3496 1055 3565 infirmitate
1085 3498 1190 3571 obiit.
1226 3500 1311 3571 (lein

273 3623 364 3670 mors
385 3608 501 3674 multis
534 3607 718 3696 displicuit,
740 3626 819 3673 nam
843 3604 954 3685 multi,
970 3604 1052 3693 quia
1083 3608 1211 3697 mulla,
1228 3608 1310 3701 qnie-

272 3712 360 3777 muis
381 3712 514 3780 iuuenis
529 3719 633 3795 esset,
653 3712 812 3781 uiderant
824 3712 865 3779 de
880 3731 942 3779 ana
953 3711 1156 3801 prudentie,
1177 3712 1310 3787 condis·

220 3821 254 3879 30
273 3818 367 3887 bant.

315 3930 415 3996 Anno
453 3930 585 3997 Domini
626 3928 807 3996 millesimo
842 3926 1075 3996 ducentesimo
1112 3930 1307 4023 octogen‘m

272 4034 402 4120 quinte,
419 4034 597 4121 Philippus
612 4034 656 4114 V,
680 4034 772 4101 filius
799 4032 946 4123 Philippi
962 4036 1093 4121 quarti,
1109 4034 1157 4107 de
1170 4038 1307 4129 Ampo-

270 4143 328 4212 nia
342 4143 491 4223 rediens,
509 4162 630 4229 corpus
646 4142 755 4230 patris
782 4141 835 4209 sui
861 4140 1016 4211 Parisios
1040 4146 1261 4233 asporteuit;
1274 4158 1305 4213 et
