2918 5046
703 478 864 539 -378-

304 610 404 675 Anno
421 608 463 674 ab
483 608 723 675 incarnatione
749 607 918 675 dominica
944 607 1137 689 millesimo,
1169 608 1289 677 donnas

261 712 492 790 Leothericus,
513 711 636 780 nobilis
651 734 774 801 genere
798 714 857 781 sed
883 714 1029 783 nobilior
1053 720 1179 797 mente.
1199 718 1291 787 Seno·

260 821 376 885 nensis
403 818 674 899 archidiaconus,
705 822 740 886 in
763 822 1051 909 archiepiscopum
1077 822 1289 903 acclamante.

259 926 349 993 clero
362 934 397 993 et
407 926 528 1014 populo
537 926 664 995 electus
679 934 745 1007 est,
766 929 1078 997 contradicentibus
1101 930 1291 1017 quibusdam

259 1036 444 1113 canonicis,
466 1036 521 1121 qui
542 1036 867 1123 archiepiscopatum
892 1035 1084 1123 cupiebant.
1109 1038 1184 1113 Qua
1208 1034 1292 1104 dere

262 1144 401 1208 Romam
412 1141 509 1221 adiit,
523 1148 559 1211 et
568 1148 784 1229 receptusest
796 1142 979 1209 honorilice
989 1162 1010 1210 a
1020 1142 1183 1221 Goberto,
1197 1144 1292 1231 quiin

259 1252 384 1334 papatu
396 1250 603 1317 Siluesterll
617 1249 814 1317 uocabatur.
831 1250 934 1319 Cuius
952 1250 1139 1337 discipulas
1154 1248 1293 1317 Lentbe·

258 1355 349 1421 ricus
362 1355 485 1433 luerat,
499 1362 534 1424 et
546 1356 589 1421 ab
601 1356 673 1442 ipso
686 1355 951 1425 benedictionem
961 1363 995 1425 et
1005 1356 1144 1445 pallium
1154 1354 1294 1425 obtinuit

258 1467 293 1528 et
307 1463 501 1549 primatum.
521 1461 668 1529 Rediens
684 1484 766 1529 uero
788 1464 942 1542 senonis,
969 1469 1125 1550 receptus
1142 1468 1198 1531 est
1225 1482 1292 1531 cnm

209 1568 241 1624 10
260 1567 385 1655 gaudio
422 1574 457 1636 et
497 1568 637 1647 honore,
681 1568 934 1637 contradicente
968 1574 1083 1638 tamen
1108 1568 1293 1637 Fromnndc

260 1675 394 1751 comite,
412 1676 469 1759 qui
499 1674 704 1753 Bruncnem,
731 1674 838 1739 filium
866 1696 977 1753 suum,
1015 1676 1293 1767 archiepiscopari

260 1790 406 1857 uolebat.
421 1792 494 1865 Qua
504 1790 544 1856 de
559 1811 595 1856 re
608 1790 828 1857 leothericus
837 1792 959 1858 iterum
973 1810 1093 1878 papam
1104 1790 1226 1861 addiit.
1236 1792 1291 1867 Qui

260 1918 346 1984 papa
362 1898 500 1964 mittens
516 1898 651 1964 litteras
676 1916 755 1962 suas
777 1896 819 1962 ad
837 1898 1062 1985 coepiscopos,
1090 1898 1242 1988 proeepit
1258 1904 1292 1965 nt

262 2005 496 2072 Leothericum
523 2004 810 2091 archiepiscopum
825 2006 1027 2092 reciperent,
1044 2004 1133 2092 quod
1152 2012 1190 2075 et
1210 2004 1291 2073 fecc-

260 2118 341 2179 runt
352 2131 441 2177 anno
456 2110 635 2176 millesimo
644 2111 764 2197 primo.

263 2397 307 2461 lte
327 2404 435 2461 nrortc
456 2392 602 2459 Hearici
617 2395 725 2473 ducis,
745 2397 787 2463 dc
802 2398 958 2473 dracone,
978 2396 1020 2461 dc
1036 2390 1143 2481 lyncis
1153 2392 1288 2473 metas.

643 2503 684 2569 de
706 2505 772 2571 cole
787 2503 906 2571 diuiso.

306 2716 432 2785 Eodem
447 2717 812 2797 annoobiitHenricus‚
822 2718 891 2785 dux
901 2714 1109 2807 Burgundio,
1119 2716 1194 2783 sine
1205 2714 1288 2785 liliis.

305 2934 429 3002 Eodem
467 2954 569 3013 anno,
610 2936 740 3022 vagari
780 2932 878 3001 fldem
922 2931 1125 3001 catholicam
1163 2948 1291 3021 recepe-

205 3044 240 3100 20
259 3048 351 3111 runt.

302 3150 401 3215 Anno
410 3149 541 3215 Domini
552 3148 730 3214 millesimo
738 3146 896 3229 secunde,
907 3145 1289 3223 circasoliaoccubitnm‚

259 3254 360 3321 draco
373 3254 455 3321 ferri
467 3256 501 3321 in
515 3255 585 3322 celo
595 3256 690 3319 uisus
701 3260 765 3321 est.
779 3253 823 3321 Et
835 3254 1028 3341 igneeacies
1037 3262 1115 3341 post
1126 3253 1217 3323 bnnc
1226 3252 1291 3321 uie

260 3368 341 3428 sont
352 3362 387 3427 in
397 3362 481 3440 celo,
496 3369 530 3429 et
547 3362 628 3427 luna
640 3363 674 3427 in
690 3362 887 3449 sanguinem
898 3380 1000 3429 uersa
1008 3366 1074 3429 est.
1086 3360 1133 3431 Et
1143 3360 1197 3430 sol
1209 3360 1290 3429 circi

261 3467 441 3535 meredicm
453 3469 488 3535 in
502 3468 587 3535 duas
597 3476 713 3555 partes
724 3468 819 3533 uisus
832 3474 897 3535 est.

262 3794 306 3859 Dc
327 3803 437 3858 morta
458 3790 605 3871 Gilberti,
627 3790 687 3875 poi
706 3788 866 3857 Stluccter
880 3788 989 3855 dictus
1004 3786 1100 3873 suit,-
1123 3787 1159 3855 in
1173 3794 1289 3875 popel!

607 3898 677 3983 suit
688 3918 751 3985 per
767 3896 947 3966 etinheim.

305 4136 404 4201 Anno
432 4134 564 4199 Domini
580 4132 758 4200 millesimo
771 4130 888 4211 tertio,
910 4128 1077 4199 Silneeter
1093 4128 1128 4197 11
1148 4126 1285 4198 emen.
