2970 5430
708 487 738 515 -s
757 467 862 526 170-

272 599 383 668 ethic
405 616 499 686 puer,
522 600 600 686 post
617 615 743 686 regem,
767 593 1009 684 Longobardos
1030 594 1178 664 feliciter
1193 595 1305 685 gnber-

273 711 439 880 nailitnon.
458 798 582 880 41ste
597 812 708 878 Zenon
721 811 813 898 leges
829 809 992 898 plurimas
1011 809 1109 889 secit;
1137 827 1214 876 cum
1242 806 1309 878 (io-

270 921 340 988 this
350 921 442 1008 pacis
455 917 551 985 sedus
570 919 658 985 iniit.
673 916 912 995 Theodericus,
922 935 984 983 rex
993 914 1196 996 Gothorum,
1207 915 1309 984 filiam

272 1028 363 1113 regis
382 1027 587 1092 Francorum
603 1023 702 1092 duxit
724 1025 757 1090 in
776 1042 928 1090 uxorem.

316 1133 379 1199 Illo
401 1138 563 1218 tempore,
583 1131 753 1197 hereticus
773 1150 836 1196 rex
859 1128 997 1207 affrice,
1020 1130 1157 1197 arriana
1180 1129 1312 1198 heresis

271 1243 391 1322 cultor,
406 1248 577 1311 trecentos
588 1243 762 1329 episcopos
779 1240 882 1306 exilio
903 1240 997 1307 misit
1013 1262 1021 1318 ;
1042 1241 1152 1307 sancti
1168 1240 1315 1309 Germa-

271 1370 334 1416 nus
353 1347 673 1423 Autissiodorensis,
698 1351 734 1412 et
749 1347 863 1432 Lupus
880 1347 1058 1412 Trecensis
1074 1348 1264 1415 mittuntur
1277 1350 1314 1426 in

210 1493 215 1503 -
270 1456 483 1524 Britanniam
511 1454 553 1520 ad
580 1452 776 1520 diluandam
803 1452 962 1519 heresim.
994 1451 1118 1524 Eodem
1143 1457 1313 1542 tempore,

220 1557 251 1614 lo
271 1563 470 1650 Fulgentius
486 1561 622 1628 claruit.

315 1669 385 1736 Iste
398 1669 510 1734 Zenon
522 1666 628 1733 lilium
643 1666 904 1735 habuitnomine
916 1669 1075 1747 Leonem,
1090 1668 1235 1738 militem
1247 1669 1316 1738 ior·

270 1774 450 1842 tissimum.
464 1775 510 1840 De
525 1773 677 1840 eoinuidl
688 1773 849 1842 dixerunt
861 1776 971 1861 patri:
991 1804 1006 1831 ι
1023 1774 1131 1841 Filius
1146 1780 1278 1856 uester,
1294 1795 1316 1844 o

271 1885 466 1968 imperator,
482 1887 624 1948 mortem
641 1886 792 1948 uestram
805 1883 929 1968 querit.
963 1911 977 1940 u
1006 1883 1100 1949 Tunc
1124 1883 1316 1972 imperator

271 1988 491 2056 iussitfilium
509 1988 726 2066 incarcerari,
750 1994 784 2056 et
804 2009 879 2054 enm
899 1991 1001 2058 morti
1027 1987 1179 2057 tradere.
1206 1991 1317 2079 Impe-
1341 2001 1346 2007 ’

271 2097 383 2162 natrix
394 2095 509 2171 alium,
521 2096 593 2162 loco
603 2095 654 2160 sui
666 2094 738 2173 filii,
751 2098 876 2182 posuit,
888 2097 943 2183 qui
955 2100 1173 2176 necatusest;
1187 2096 1313 2178 etheo,

270 2201 373 2280 filius,
390 2201 566 2279 liberatur,
585 2206 620 2267 et
633 2203 723 2267 inter
739 2202 921 2268 monachos
937 2203 1086 2289 ponitur,
1111 2201 1169 2270 ubi
1200 2202 1317 2292 philo·

272 2307 397 2394 sophus
412 2314 447 2374 ct
462 2307 597 2394 sapiens
613 2305 768 2374 efficitur.
789 2308 995 2392 imperatrix
1010 2307 1185 2377 nutriebat
1209 2330 1312 2391 anne,

272 2414 614 2500 nomineSyrachum‚
633 2435 731 2501 quam
753 2414 871 2481 didicit
898 2415 1058 2503 plangere
1087 2418 1250 2498 Leonem,
1280 2425 1317 2488 ct

273 2522 384 2607 sepius
393 2524 567 2587 nominare
578 2521 735 2587 Leonem.
748 2521 853 2596 Quam
869 2541 943 2588 cum
952 2521 1103 2589 audisset
1113 2523 1313 2610 imperator,

218 2627 253 2683 io
272 2626 359 2694 dixit
376 2649 383 2693 :
403 2657 417 2684 n
435 2629 524 2695 Nate
542 2629 623 2705 Leo,
643 2648 702 2693 cur
717 2627 858 2714 peristli
875 2658 889 2685 n
906 2627 967 2694 Cui
983 2633 1093 2695 mater
1110 2648 1118 2693 τ
1136 2657 1152 2684 ι
1172 2629 1316 2697 Domina

272 2735 330 2812 mi,
345 2735 431 2801 vluit
452 2733 542 2800 filius
557 2739 637 2800 tuus
662 2733 755 2813 Leo;
783 2736 811 2800 si
842 2735 895 2800 uis
921 2755 995 2801 eum
1018 2754 1137 2801 sanum
1158 2755 1312 2815 seruarc,

272 2840 414 2906 uidebis.
436 2839 523 2906 nCui
540 2860 601 2906 rex
625 2862 632 2905 :
656 2869 670 2895 a
692 2841 835 2906 Securus
850 2843 978 2907 ueniat.
1010 2871 1025 2898 n
1044 2843 1137 2908 Tunc
1154 2842 1223 2909 Leo
1237 2862 1313 2910 cum

272 2946 394 3034 gaudio
409 2947 571 3035 recipitur
587 2953 633 3024 et,
652 2952 690 3013 ut
705 2946 840 3032 quidam
853 2947 981 3026 dicunt,
1000 2949 1175 3036 imperium
1190 2948 1315 3017 militia

274 3062 308 3125 et
316 3057 507 3125 litterarum
528 3057 670 3124 scientia
686 3056 901 3145 gubernauit.
1185 3067 1189 3070 ’

318 3379 532 3446 Anastasius.
568 3413 611 3429 —
644 3378 708 3444 Illo
736 3384 910 3464 tempore,
945 3377 1216 3457 Transmnndus,
1252 3398 1314 3455 rex

272 3484 531 3564 Wandalorum,
548 3486 642 3553 misit
663 3485 788 3552 multos
807 3485 912 3553 bonos
932 3487 1107 3574 episcopos
1123 3485 1165 3552 de
1184 3482 1315 3553 Affrica

272 3590 423 3656 exilium.
451 3591 593 3666 Quidam
619 3592 781 3679 Olimpus,
819 3594 1011 3679 episcopus,
1047 3594 1251 3661 Trinitatem
1277 3593 1314 3660 in

272 3697 393 3763 balneo
403 3697 652 3786 blasphemans,
668 3701 776 3786 igneis
789 3700 908 3765 iaculis
923 3700 1032 3766 tribus
1047 3699 1224 3768 occiditur.
1237 3697 1316 3777 Qui-

274 3805 349 3871 dam
365 3807 539 3893 episcopus
552 3828 594 3873 ex
607 3808 718 3874 heresi
729 3811 877 3884 arriana,
896 3809 1012 3873 volens
1032 3806 1209 3892 quemdam
1224 3805 1315 3872 male

221 3916 254 3972 30
274 3911 457 3998 baptizare,
471 3933 558 3999 aqna
574 3934 641 3979 non
655 3917 822 4002 apparuit,
839 3916 940 3980 immo
950 3913 1104 4002 perditur
1118 3919 1245 3981 ettunc
1256 3913 1315 3981 ille

273 4019 494 4107 baptizandus
507 4022 688 4088 secundum
704 4023 801 4088 fidem
816 4023 931 4109 Xpisti
953 4020 994 4088 ab
1014 4021 1081 4087 alio
1105 4019 1311 4107 baptizatur.

137 4163 142 4171 ·
274 4127 381 4194 Istum
391 4126 609 4194 Anastasium
623 4129 861 4215 imperatorem
873 4129 976 4217 legati
989 4126 1169 4194 Hormisda
1179 4144 1265 4214 papa
1271 4124 1315 4192 ab
