<?xml version="1.0" encoding="UTF-8"?>
<!DOCTYPE html PUBLIC "-//W3C//DTD XHTML 1.0 Transitional//EN"
    "http://www.w3.org/TR/xhtml1/DTD/xhtml1-transitional.dtd">
<html xmlns="http://www.w3.org/1999/xhtml" xml:lang="en" lang="en">
 <head>
  <title>
</title>
<meta http-equiv="Content-Type" content="text/html;charset=utf-8" />
  <meta name='ocr-system' content='tesseract 3.04.00' />
  <meta name='ocr-capabilities' content='ocr_page ocr_carea ocr_par ocr_line ocrx_word'/>
</head>
<body>
  <div class='ocr_page' id='page_1' title='image "./chroniquedelabb00fragoog_0608.png"; bbox 0 0 2918 5046; ppageno 0'>
   <div class='ocr_carea' id='block_1_1' title="bbox 702 446 857 505">
    <p class='ocr_par' dir='ltr' id='par_1_1' title="bbox 702 446 857 505">
     <span class='ocr_line' id='line_1_1' title="bbox 702 446 857 505; baseline 0.013 -2"><span class='ocrx_word' id='word_1_1' title='bbox 702 475 733 487; x_wconf 93' lang='lat'><em>-</em></span> <span class='ocrx_word' id='word_1_2' title='bbox 752 446 857 505; x_wconf 68' lang='grc'>674-</span> 
     </span>
    </p>
   </div>
   <div class='ocr_carea' id='block_1_2' title="bbox 208 566 1310 1619">
    <p class='ocr_par' dir='ltr' id='par_1_2' title="bbox 208 566 1310 1619">
     <span class='ocr_line' id='line_1_2' title="bbox 256 566 1304 658; baseline 0.005 -24"><span class='ocrx_word' id='word_1_3' title='bbox 256 566 361 637; x_wconf 84' lang='lat' dir='ltr'>luturi</span> <span class='ocrx_word' id='word_1_4' title='bbox 376 570 497 637; x_wconf 87' lang='lat' dir='ltr'>summi</span> <span class='ocrx_word' id='word_1_5' title='bbox 511 571 693 658; x_wconf 88' lang='lat' dir='ltr'>pontificis.</span> <span class='ocrx_word' id='word_1_6' title='bbox 711 572 775 641; x_wconf 86' lang='lat' dir='ltr'>Sed</span> <span class='ocrx_word' id='word_1_7' title='bbox 792 572 902 641; x_wconf 81' lang='lat' dir='ltr'>irater</span> <span class='ocrx_word' id='word_1_8' title='bbox 915 570 1117 653; x_wconf 83' lang='lat' dir='ltr'>Ganiridue,</span> <span class='ocrx_word' id='word_1_9' title='bbox 1132 572 1304 641; x_wconf 71' lang='lat' dir='ltr'>camarina</span> 
     </span>
     <span class='ocr_line' id='line_1_3' title="bbox 254 676 1306 768; baseline 0.007 -26"><span class='ocrx_word' id='word_1_10' title='bbox 254 676 336 744; x_wconf 89' lang='lat' dir='ltr'>dicti</span> <span class='ocrx_word' id='word_1_11' title='bbox 360 679 571 757; x_wconf 86' lang='lat' dir='ltr'>monasterii,</span> <span class='ocrx_word' id='word_1_12' title='bbox 589 680 645 765; x_wconf 92' lang='lat' dir='ltr'>qui</span> <span class='ocrx_word' id='word_1_13' title='bbox 661 684 765 747; x_wconf 91' lang='lat' dir='ltr'>antea</span> <span class='ocrx_word' id='word_1_14' title='bbox 778 700 841 768; x_wconf 91' lang='lat' dir='ltr'>pro</span> <span class='ocrx_word' id='word_1_15' title='bbox 857 700 920 746; x_wconf 88' lang='lat' dir='ltr'>sua</span> <span class='ocrx_word' id='word_1_16' title='bbox 935 678 1306 751; x_wconf 77' lang='lat' dir='ltr'>confirmationectlre·</span> 
     </span>
     <span class='ocr_line' id='line_1_4' title="bbox 256 783 1303 873; baseline 0.007 -25"><span class='ocrx_word' id='word_1_17' title='bbox 256 783 446 851; x_wconf 87' lang='lat' dir='ltr'>nedictione</span> <span class='ocrx_word' id='word_1_18' title='bbox 483 790 684 873; x_wconf 86' lang='lat' dir='ltr'>procurator</span> <span class='ocrx_word' id='word_1_19' title='bbox 709 806 730 853; x_wconf 92' lang='lat' dir='ltr'>a</span> <span class='ocrx_word' id='word_1_20' title='bbox 752 792 922 855; x_wconf 89' lang='lat' dir='ltr'>conuentu</span> <span class='ocrx_word' id='word_1_21' title='bbox 940 788 1152 855; x_wconf 86' lang='lat' dir='ltr'>constitutus</span> <span class='ocrx_word' id='word_1_22' title='bbox 1175 784 1303 865; x_wconf 68' lang='lat' dir='ltr'>munt.</span> 
     </span>
     <span class='ocr_line' id='line_1_5' title="bbox 255 886 1307 979; baseline 0.006 -26"><span class='ocrx_word' id='word_1_23' title='bbox 255 888 374 955; x_wconf 86' lang='lat' dir='ltr'>videns</span> <span class='ocrx_word' id='word_1_24' title='bbox 397 888 485 957; x_wconf 82' lang='lat' dir='ltr'>forte</span> <span class='ocrx_word' id='word_1_25' title='bbox 513 892 548 957; x_wconf 93' lang='lat' dir='ltr'>in</span> <span class='ocrx_word' id='word_1_26' title='bbox 563 886 656 978; x_wconf 88' lang='lat' dir='ltr'>&#39;ipso</span> <span class='ocrx_word' id='word_1_27' title='bbox 681 890 770 978; x_wconf 89' lang='lat' dir='ltr'>quod</span> <span class='ocrx_word' id='word_1_28' title='bbox 797 890 997 979; x_wconf 78' lang='lat' dir='ltr'>displicebat</span> <span class='ocrx_word' id='word_1_29' title='bbox 1030 896 1135 959; x_wconf 71' lang='lat' dir='ltr'>anm</span> <span class='ocrx_word' id='word_1_30' title='bbox 1164 890 1232 959; x_wconf 86' lang='lat' dir='ltr'>sibi</span> <span class='ocrx_word' id='word_1_31' title='bbox 1257 892 1307 959; x_wconf 91' lang='lat' dir='ltr'>in·</span> 
     </span>
     <span class='ocr_line' id='line_1_6' title="bbox 256 996 1308 1084; baseline 0.006 -23"><span class='ocrx_word' id='word_1_32' title='bbox 256 997 440 1083; x_wconf 82' lang='lat' dir='ltr'>cognitum,</span> <span class='ocrx_word' id='word_1_33' title='bbox 471 998 525 1064; x_wconf 88' lang='lat' dir='ltr'>uel</span> <span class='ocrx_word' id='word_1_34' title='bbox 550 997 638 1065; x_wconf 82' lang='lat' dir='ltr'>forte</span> <span class='ocrx_word' id='word_1_35' title='bbox 665 998 745 1084; x_wconf 86' lang='lat' dir='ltr'>quia</span> <span class='ocrx_word' id='word_1_36' title='bbox 765 998 894 1065; x_wconf 81' lang='lat' dir='ltr'>electus</span> <span class='ocrx_word' id='word_1_37' title='bbox 922 1018 960 1065; x_wconf 90' lang='lat' dir='ltr'>se</span> <span class='ocrx_word' id='word_1_38' title='bbox 987 998 1089 1065; x_wconf 90' lang='lat' dir='ltr'>nimis</span> <span class='ocrx_word' id='word_1_39' title='bbox 1119 996 1308 1067; x_wconf 82' lang='lat' dir='ltr'>crudeliter</span> 
     </span>
     <span class='ocr_line' id='line_1_7' title="bbox 258 1102 1309 1192; baseline 0.005 -24"><span class='ocrx_word' id='word_1_40' title='bbox 258 1102 446 1191; x_wconf 82' lang='lat' dir='ltr'>ingerebat,</span> <span class='ocrx_word' id='word_1_41' title='bbox 464 1111 502 1172; x_wconf 89' lang='lat' dir='ltr'>ut</span> <span class='ocrx_word' id='word_1_42' title='bbox 519 1102 653 1171; x_wconf 86' lang='lat' dir='ltr'>dicebat</span> <span class='ocrx_word' id='word_1_43' title='bbox 669 1104 780 1171; x_wconf 84' lang='lat' dir='ltr'>dictus</span> <span class='ocrx_word' id='word_1_44' title='bbox 804 1106 1024 1183; x_wconf 87' lang='lat' dir='ltr'>camerarius,</span> <span class='ocrx_word' id='word_1_45' title='bbox 1051 1103 1227 1192; x_wconf 85' lang='lat' dir='ltr'>publicum</span> <span class='ocrx_word' id='word_1_46' title='bbox 1239 1104 1309 1173; x_wconf 77' lang='lat' dir='ltr'>ins·</span> 
     </span>
     <span class='ocr_line' id='line_1_8' title="bbox 259 1210 1307 1297; baseline 0.006 -24"><span class='ocrx_word' id='word_1_47' title='bbox 259 1214 467 1275; x_wconf 89' lang='lat' dir='ltr'>trumentum</span> <span class='ocrx_word' id='word_1_48' title='bbox 483 1216 603 1276; x_wconf 92' lang='lat' dir='ltr'>contra</span> <span class='ocrx_word' id='word_1_49' title='bbox 612 1212 721 1297; x_wconf 88' lang='lat' dir='ltr'>ipsum</span> <span class='ocrx_word' id='word_1_50' title='bbox 734 1211 877 1277; x_wconf 89' lang='lat' dir='ltr'>electum</span> <span class='ocrx_word' id='word_1_51' title='bbox 889 1230 951 1297; x_wconf 92' lang='lat' dir='ltr'>per</span> <span class='ocrx_word' id='word_1_52' title='bbox 961 1210 1307 1291; x_wconf 81' lang='lat' dir='ltr'>tabellioncmcnric,</span> 
     </span>
     <span class='ocr_line' id='line_1_9' title="bbox 259 1315 1309 1405; baseline 0.01 -25"><span class='ocrx_word' id='word_1_53' title='bbox 259 1315 413 1382; x_wconf 87' lang='lat' dir='ltr'><strong>Romane</strong></span> <span class='ocrx_word' id='word_1_54' title='bbox 427 1317 598 1403; x_wconf 80' lang='lat' dir='ltr'>signatum</span> <span class='ocrx_word' id='word_1_55' title='bbox 624 1316 715 1399; x_wconf 83' lang='lat' dir='ltr'>lacit,</span> <span class='ocrx_word' id='word_1_56' title='bbox 739 1337 930 1404; x_wconf 88' lang='lat' dir='ltr'>proponens</span> <span class='ocrx_word' id='word_1_57' title='bbox 944 1338 981 1383; x_wconf 86' lang='lat' dir='ltr'>sc</span> <span class='ocrx_word' id='word_1_58' title='bbox 996 1336 1169 1405; x_wconf 83' lang='lat' dir='ltr'>opponere</span> <span class='ocrx_word' id='word_1_59' title='bbox 1185 1322 1309 1391; x_wconf 66' lang='lat' dir='ltr'>contra</span> 
     </span>
     <span class='ocr_line' id='line_1_10' title="bbox 258 1421 1310 1511; baseline 0.008 -24"><span class='ocrx_word' id='word_1_60' title='bbox 258 1422 311 1487; x_wconf 83' lang='lat' dir='ltr'>sui</span> <span class='ocrx_word' id='word_1_61' title='bbox 351 1422 578 1491; x_wconf 81' lang='lat' dir='ltr'>firmationem</span> <span class='ocrx_word' id='word_1_62' title='bbox 615 1430 651 1491; x_wconf 93' lang='lat' dir='ltr'>et</span> <span class='ocrx_word' id='word_1_63' title='bbox 688 1421 968 1505; x_wconf 79' lang='lat' dir='ltr'>benedictionem,</span> <span class='ocrx_word' id='word_1_64' title='bbox 1005 1424 1140 1511; x_wconf 82' lang='lat' dir='ltr'>aliquos</span> <span class='ocrx_word' id='word_1_65' title='bbox 1174 1422 1310 1495; x_wconf 74' lang='lat' dir='ltr'>mnam</span> 
     </span>
     <span class='ocr_line' id='line_1_11' title="bbox 208 1529 1099 1619; baseline 0.011 -30"><span class='ocrx_word' id='word_1_66' title='bbox 208 1532 239 1590; x_wconf 78' lang='lat'>10</span> <span class='ocrx_word' id='word_1_67' title='bbox 258 1548 419 1614; x_wconf 87' lang='lat' dir='ltr'>sequaces</span> <span class='ocrx_word' id='word_1_68' title='bbox 434 1548 478 1596; x_wconf 88' lang='lat' dir='ltr'>ex</span> <span class='ocrx_word' id='word_1_69' title='bbox 492 1531 669 1598; x_wconf 87' lang='lat' dir='ltr'>monachis</span> <span class='ocrx_word' id='word_1_70' title='bbox 680 1531 881 1598; x_wconf 89' lang='lat' dir='ltr'>monasterii</span> <span class='ocrx_word' id='word_1_71' title='bbox 901 1529 1099 1619; x_wconf 84' lang='lat' dir='ltr'>supradicti.</span> 
     </span>
    </p>
   </div>
   <div class='ocr_carea' id='block_1_3' title="bbox 204 1743 1311 2907">
    <p class='ocr_par' dir='ltr' id='par_1_3' title="bbox 256 1743 1311 2693">
     <span class='ocr_line' id='line_1_12' title="bbox 301 1743 1310 1833; baseline 0.006 -26"><span class='ocrx_word' id='word_1_72' title='bbox 301 1743 401 1810; x_wconf 81' lang='lat' dir='ltr'>Anno</span> <span class='ocrx_word' id='word_1_73' title='bbox 437 1744 570 1811; x_wconf 90' lang='lat' dir='ltr'>Domini</span> <span class='ocrx_word' id='word_1_74' title='bbox 607 1744 787 1811; x_wconf 85' lang='lat' dir='ltr'>millesimo</span> <span class='ocrx_word' id='word_1_75' title='bbox 822 1744 1054 1815; x_wconf 86' lang='lat' dir='ltr'>ducentesimo</span> <span class='ocrx_word' id='word_1_76' title='bbox 1079 1744 1310 1833; x_wconf 78' lang='lat' dir='ltr'>nonagesimo</span> 
     </span>
     <span class='ocr_line' id='line_1_13' title="bbox 256 1850 1309 1941; baseline 0.005 -25"><span class='ocrx_word' id='word_1_77' title='bbox 256 1851 372 1929; x_wconf 83' lang='lat' dir='ltr'>tortio,</span> <span class='ocrx_word' id='word_1_78' title='bbox 389 1850 568 1920; x_wconf 83' lang='lat' dir='ltr'>Eduardus</span> <span class='ocrx_word' id='word_1_79' title='bbox 585 1872 647 1919; x_wconf 87' lang='lat' dir='ltr'>rex</span> <span class='ocrx_word' id='word_1_80' title='bbox 660 1854 862 1940; x_wconf 82' lang='lat' dir='ltr'>Anglorum,</span> <span class='ocrx_word' id='word_1_81' title='bbox 880 1858 1001 1921; x_wconf 85' lang='lat' dir='ltr'>contra</span> <span class='ocrx_word' id='word_1_82' title='bbox 1018 1872 1136 1941; x_wconf 80' lang='lat' dir='ltr'>regem</span> <span class='ocrx_word' id='word_1_83' title='bbox 1150 1852 1309 1921; x_wconf 83' lang='lat' dir='ltr'>Franco·</span> 
     </span>
     <span class='ocr_line' id='line_1_14' title="bbox 260 1956 1309 2049; baseline 0.008 -28"><span class='ocrx_word' id='word_1_84' title='bbox 260 1976 347 2036; x_wconf 90' lang='lat' dir='ltr'>rum,</span> <span class='ocrx_word' id='word_1_85' title='bbox 373 1957 641 2025; x_wconf 84' lang='lat' dir='ltr'>illustrissimum</span> <span class='ocrx_word' id='word_1_86' title='bbox 674 1960 879 2048; x_wconf 88' lang='lat' dir='ltr'>Philippum,</span> <span class='ocrx_word' id='word_1_87' title='bbox 902 1980 1093 2049; x_wconf 89' lang='lat' dir='ltr'>proponens</span> <span class='ocrx_word' id='word_1_88' title='bbox 1121 1956 1309 2041; x_wconf 76' lang='lat' dir='ltr'>rebellare,</span> 
     </span>
     <span class='ocr_line' id='line_1_15' title="bbox 260 2064 1311 2154; baseline 0.009 -27"><span class='ocrx_word' id='word_1_89' title='bbox 260 2064 398 2149; x_wconf 84' lang='lat' dir='ltr'>nauigia</span> <span class='ocrx_word' id='word_1_90' title='bbox 412 2064 521 2131; x_wconf 88' lang='lat' dir='ltr'>multa</span> <span class='ocrx_word' id='word_1_91' title='bbox 534 2066 569 2131; x_wconf 88' lang='lat' dir='ltr'>in</span> <span class='ocrx_word' id='word_1_92' title='bbox 582 2066 669 2132; x_wconf 91' lang='lat' dir='ltr'>mari</span> <span class='ocrx_word' id='word_1_93' title='bbox 685 2068 831 2152; x_wconf 89' lang='lat' dir='ltr'>parauit,</span> <span class='ocrx_word' id='word_1_94' title='bbox 849 2067 958 2135; x_wconf 87' lang='lat' dir='ltr'>multa</span> <span class='ocrx_word' id='word_1_95' title='bbox 978 2066 1127 2154; x_wconf 83' lang='lat' dir='ltr'>dampna</span> <span class='ocrx_word' id='word_1_96' title='bbox 1134 2070 1311 2135; x_wconf 75' lang='lat' dir='ltr'>memno-</span> 
     </span>
     <span class='ocr_line' id='line_1_16' title="bbox 259 2170 1310 2261; baseline 0.003 -25"><span class='ocrx_word' id='word_1_97' title='bbox 259 2170 354 2236; x_wconf 88' lang='lat' dir='ltr'>ribus</span> <span class='ocrx_word' id='word_1_98' title='bbox 364 2170 406 2237; x_wconf 90' lang='lat' dir='ltr'>de</span> <span class='ocrx_word' id='word_1_99' title='bbox 419 2172 564 2239; x_wconf 79' lang='lat' dir='ltr'>Francia</span> <span class='ocrx_word' id='word_1_100' title='bbox 576 2172 741 2240; x_wconf 82' lang='lat' dir='ltr'>faciendo.</span> <span class='ocrx_word' id='word_1_101' title='bbox 761 2173 854 2240; x_wconf 84' lang='lat' dir='ltr'>Tunc</span> <span class='ocrx_word' id='word_1_102' title='bbox 864 2194 926 2240; x_wconf 84' lang='lat' dir='ltr'>rex</span> <span class='ocrx_word' id='word_1_103' title='bbox 937 2174 1161 2253; x_wconf 83' lang='lat' dir='ltr'>Francorum,</span> <span class='ocrx_word' id='word_1_104' title='bbox 1175 2170 1310 2261; x_wconf 79' lang='lat' dir='ltr'>quiade</span> 
     </span>
     <span class='ocr_line' id='line_1_17' title="bbox 259 2274 1310 2366; baseline 0.006 -22"><span class='ocrx_word' id='word_1_105' title='bbox 259 2280 395 2366; x_wconf 88' lang='lat' dir='ltr'>regibus</span> <span class='ocrx_word' id='word_1_106' title='bbox 423 2281 632 2347; x_wconf 79' lang='lat' dir='ltr'>Francorum</span> <span class='ocrx_word' id='word_1_107' title='bbox 653 2280 793 2349; x_wconf 86' lang='lat' dir='ltr'>tenebat</span> <span class='ocrx_word' id='word_1_108' title='bbox 810 2280 1040 2349; x_wconf 87' lang='lat' dir='ltr'>Gaschoniam</span> <span class='ocrx_word' id='word_1_109' title='bbox 1063 2286 1100 2349; x_wconf 89' lang='lat' dir='ltr'>et</span> <span class='ocrx_word' id='word_1_110' title='bbox 1113 2284 1251 2349; x_wconf 74' lang='lat' dir='ltr'>term</span> <span class='ocrx_word' id='word_1_111' title='bbox 1267 2274 1310 2359; x_wconf 74' lang='lat' dir='ltr'>(lc</span> 
     </span>
     <span class='ocr_line' id='line_1_18' title="bbox 259 2384 1310 2475; baseline 0.002 -24"><span class='ocrx_word' id='word_1_112' title='bbox 259 2386 417 2465; x_wconf 84' lang='lat' dir='ltr'>Pontino,</span> <span class='ocrx_word' id='word_1_113' title='bbox 439 2389 538 2455; x_wconf 90' lang='lat' dir='ltr'>citari</span> <span class='ocrx_word' id='word_1_114' title='bbox 562 2387 644 2457; x_wconf 87' lang='lat' dir='ltr'>fecit</span> <span class='ocrx_word' id='word_1_115' title='bbox 677 2390 787 2475; x_wconf 89' lang='lat' dir='ltr'>ipsum</span> <span class='ocrx_word' id='word_1_116' title='bbox 820 2408 882 2475; x_wconf 90' lang='lat' dir='ltr'>per</span> <span class='ocrx_word' id='word_1_117' title='bbox 920 2388 1063 2455; x_wconf 77' lang='lat' dir='ltr'>nuncios</span> <span class='ocrx_word' id='word_1_118' title='bbox 1099 2384 1310 2475; x_wconf 72' lang='lat' dir='ltr'>sollempnes</span> 
     </span>
     <span class='ocr_line' id='line_1_19' title="bbox 259 2496 1310 2583; baseline 0.002 -20"><span class='ocrx_word' id='word_1_119' title='bbox 259 2499 380 2583; x_wconf 85' lang='lat' dir='ltr'>primo,</span> <span class='ocrx_word' id='word_1_120' title='bbox 393 2499 553 2576; x_wconf 88' lang='lat' dir='ltr'>secundo,</span> <span class='ocrx_word' id='word_1_121' title='bbox 567 2504 603 2566; x_wconf 93' lang='lat' dir='ltr'>et</span> <span class='ocrx_word' id='word_1_122' title='bbox 617 2500 732 2567; x_wconf 87' lang='lat' dir='ltr'>tertio.</span> <span class='ocrx_word' id='word_1_123' title='bbox 751 2500 814 2574; x_wconf 88' lang='lat' dir='ltr'>Qui</span> <span class='ocrx_word' id='word_1_124' title='bbox 832 2499 940 2567; x_wconf 90' lang='lat' dir='ltr'>noluit</span> <span class='ocrx_word' id='word_1_125' title='bbox 959 2498 1090 2577; x_wconf 90' lang='lat' dir='ltr'>uenire,</span> <span class='ocrx_word' id='word_1_126' title='bbox 1103 2502 1142 2565; x_wconf 87' lang='lat' dir='ltr'>et</span> <span class='ocrx_word' id='word_1_127' title='bbox 1154 2496 1236 2567; x_wconf 83' lang='lat' dir='ltr'>idco</span> <span class='ocrx_word' id='word_1_128' title='bbox 1245 2516 1310 2565; x_wconf 77' lang='lat' dir='ltr'>m</span> 
     </span>
     <span class='ocr_line' id='line_1_20' title="bbox 260 2604 1309 2693; baseline 0.002 -22"><span class='ocrx_word' id='word_1_129' title='bbox 260 2607 467 2673; x_wconf 84' lang='lat' dir='ltr'>Francorum</span> <span class='ocrx_word' id='word_1_130' title='bbox 505 2606 725 2684; x_wconf 82' lang='lat' dir='ltr'>hereditates,</span> <span class='ocrx_word' id='word_1_131' title='bbox 766 2626 851 2692; x_wconf 87' lang='lat' dir='ltr'>quas</span> <span class='ocrx_word' id='word_1_132' title='bbox 888 2605 929 2671; x_wconf 90' lang='lat' dir='ltr'>de</span> <span class='ocrx_word' id='word_1_133' title='bbox 957 2624 1063 2693; x_wconf 78' lang='lat' dir='ltr'>regno</span> <span class='ocrx_word' id='word_1_134' title='bbox 1094 2604 1309 2673; x_wconf 73' lang='lat' dir='ltr'>Francorum</span> 
     </span>
    </p>

    <p class='ocr_par' dir='ltr' id='par_1_4' title="bbox 204 2712 1309 2907">
     <span class='ocr_line' id='line_1_21' title="bbox 204 2712 1309 2799; baseline 0.004 -22"><span class='ocrx_word' id='word_1_135' title='bbox 204 2718 242 2777; x_wconf 72' lang='lat'>20</span> <span class='ocrx_word' id='word_1_136' title='bbox 258 2712 397 2781; x_wconf 86' lang='lat' dir='ltr'>tenebat</span> <span class='ocrx_word' id='word_1_137' title='bbox 412 2712 604 2792; x_wconf 85' lang='lat' dir='ltr'>Eduardus,</span> <span class='ocrx_word' id='word_1_138' title='bbox 621 2715 751 2799; x_wconf 87' lang='lat' dir='ltr'>accepit</span> <span class='ocrx_word' id='word_1_139' title='bbox 762 2719 925 2799; x_wconf 82' lang='lat' dir='ltr'>tanquam</span> <span class='ocrx_word' id='word_1_140' title='bbox 940 2732 1033 2791; x_wconf 85' lang='lat' dir='ltr'>suas,</span> <span class='ocrx_word' id='word_1_141' title='bbox 1051 2728 1309 2799; x_wconf 77' lang='lat' dir='ltr'>regnnmawn</span> 
     </span>
     <span class='ocr_line' id='line_1_22' title="bbox 259 2818 821 2907; baseline 0.002 -22"><span class='ocrx_word' id='word_1_142' title='bbox 259 2821 542 2907; x_wconf 90' lang='lat' dir='ltr'>quamplurimum</span> <span class='ocrx_word' id='word_1_143' title='bbox 559 2818 821 2907; x_wconf 83' lang='lat' dir='ltr'>augmentando.</span> 
     </span>
    </p>
   </div>
   <div class='ocr_carea' id='block_1_4' title="bbox 258 3040 1310 3347">
    <p class='ocr_par' dir='ltr' id='par_1_5' title="bbox 258 3040 1310 3347">
     <span class='ocr_line' id='line_1_23' title="bbox 303 3040 1310 3132; baseline 0 -23"><span class='ocrx_word' id='word_1_144' title='bbox 303 3044 427 3110; x_wconf 84' lang='lat' dir='ltr'>Eodem</span> <span class='ocrx_word' id='word_1_145' title='bbox 443 3051 606 3132; x_wconf 83' lang='lat' dir='ltr'>tempore,</span> <span class='ocrx_word' id='word_1_146' title='bbox 622 3043 779 3109; x_wconf 90' lang='lat' dir='ltr'>dominus</span> <span class='ocrx_word' id='word_1_147' title='bbox 798 3042 946 3109; x_wconf 87' lang='lat' dir='ltr'>Karolus</span> <span class='ocrx_word' id='word_1_148' title='bbox 963 3042 1011 3121; x_wconf 84' lang='grc' dir='ltr'>ΙΙ,</span> <span class='ocrx_word' id='word_1_149' title='bbox 1027 3060 1090 3109; x_wconf 86' lang='lat' dir='ltr'>rex</span> <span class='ocrx_word' id='word_1_150' title='bbox 1104 3040 1236 3123; x_wconf 81' lang='lat' dir='ltr'>Sicilie,</span> <span class='ocrx_word' id='word_1_151' title='bbox 1250 3042 1310 3131; x_wconf 82' lang='lat' dir='ltr'>qni</span> 
     </span>
     <span class='ocr_line' id='line_1_24' title="bbox 258 3148 1307 3238; baseline -0.003 -20"><span class='ocrx_word' id='word_1_152' title='bbox 258 3152 299 3218; x_wconf 92' lang='lat' dir='ltr'>de</span> <span class='ocrx_word' id='word_1_153' title='bbox 325 3172 459 3219; x_wconf 89' lang='lat' dir='ltr'>carcere</span> <span class='ocrx_word' id='word_1_154' title='bbox 490 3155 634 3229; x_wconf 85' lang='lat' dir='ltr'>exierat,</span> <span class='ocrx_word' id='word_1_155' title='bbox 661 3152 828 3238; x_wconf 81' lang='lat' dir='ltr'>promissa</span> <span class='ocrx_word' id='word_1_156' title='bbox 859 3149 967 3217; x_wconf 89' lang='lat' dir='ltr'>multa</span> <span class='ocrx_word' id='word_1_157' title='bbox 992 3148 1133 3235; x_wconf 87' lang='lat' dir='ltr'>pecunie</span> <span class='ocrx_word' id='word_1_158' title='bbox 1160 3164 1307 3227; x_wconf 73' lang='lat' dir='ltr'>snmrnn,</span> 
     </span>
     <span class='ocr_line' id='line_1_25' title="bbox 260 3254 1309 3347; baseline -0.002 -22"><span class='ocrx_word' id='word_1_159' title='bbox 260 3261 395 3346; x_wconf 89' lang='lat' dir='ltr'>suisque</span> <span class='ocrx_word' id='word_1_160' title='bbox 410 3260 489 3325; x_wconf 88' lang='lat' dir='ltr'>filiis</span> <span class='ocrx_word' id='word_1_161' title='bbox 501 3281 562 3347; x_wconf 91' lang='lat' dir='ltr'>pro</span> <span class='ocrx_word' id='word_1_162' title='bbox 575 3261 718 3346; x_wconf 80' lang='lat' dir='ltr'>octagiis</span> <span class='ocrx_word' id='word_1_163' title='bbox 730 3259 864 3346; x_wconf 89' lang='lat' dir='ltr'>positis,</span> <span class='ocrx_word' id='word_1_164' title='bbox 881 3258 977 3324; x_wconf 89' lang='lat' dir='ltr'>uenit</span> <span class='ocrx_word' id='word_1_165' title='bbox 989 3258 1025 3322; x_wconf 92' lang='lat' dir='ltr'>in</span> <span class='ocrx_word' id='word_1_166' title='bbox 1037 3256 1221 3323; x_wconf 80' lang='lat' dir='ltr'>Francinm</span> <span class='ocrx_word' id='word_1_167' title='bbox 1233 3254 1309 3345; x_wconf 67' lang='lat' dir='ltr'>regi</span> 
     </span>
    </p>
   </div>
   <div class='ocr_carea' id='block_1_5' title="bbox 259 3358 1309 3777">
    <p class='ocr_par' dir='ltr' id='par_1_6' title="bbox 259 3358 1309 3777">
     <span class='ocr_line' id='line_1_26' title="bbox 259 3358 1309 3453; baseline -0.004 -23"><span class='ocrx_word' id='word_1_168' title='bbox 259 3366 415 3453; x_wconf 91' lang='lat' dir='ltr'>Philippo</span> <span class='ocrx_word' id='word_1_169' title='bbox 435 3368 669 3434; x_wconf 80' lang='lat' dir='ltr'>illustrissimo</span> <span class='ocrx_word' id='word_1_170' title='bbox 695 3366 882 3434; x_wconf 87' lang='lat' dir='ltr'>locuturus.</span> <span class='ocrx_word' id='word_1_171' title='bbox 902 3360 1050 3429; x_wconf 87' lang='lat' dir='ltr'>Rediens</span> <span class='ocrx_word' id='word_1_172' title='bbox 1066 3358 1111 3429; x_wconf 87' lang='lat' dir='ltr'>ad</span> <span class='ocrx_word' id='word_1_173' title='bbox 1124 3358 1309 3449; x_wconf 76' lang='lat' dir='ltr'>Appnlinrn</span> 
     </span>
     <span class='ocr_line' id='line_1_27' title="bbox 259 3466 1308 3557; baseline 0 -18"><span class='ocrx_word' id='word_1_174' title='bbox 259 3472 401 3540; x_wconf 91' lang='lat' dir='ltr'>Senonis</span> <span class='ocrx_word' id='word_1_175' title='bbox 416 3476 452 3539; x_wconf 94' lang='lat' dir='ltr'>in</span> <span class='ocrx_word' id='word_1_176' title='bbox 465 3476 675 3543; x_wconf 89' lang='lat' dir='ltr'>monasterio</span> <span class='ocrx_word' id='word_1_177' title='bbox 687 3466 1261 3557; x_wconf 78' lang='lat' dir='ltr'>Sancti-Petri-Uiaipcrnoctnnit,</span> <span class='ocrx_word' id='word_1_178' title='bbox 1272 3466 1308 3539; x_wconf 75' lang='lat' dir='ltr'>l!</span> 
     </span>
     <span class='ocr_line' id='line_1_28' title="bbox 260 3572 1309 3668; baseline -0.005 -21"><span class='ocrx_word' id='word_1_179' title='bbox 260 3601 324 3667; x_wconf 93' lang='lat' dir='ltr'>quo</span> <span class='ocrx_word' id='word_1_180' title='bbox 346 3582 411 3651; x_wconf 85' lang='lat' dir='ltr'>suit</span> <span class='ocrx_word' id='word_1_181' title='bbox 438 3583 670 3668; x_wconf 84' lang='lat' dir='ltr'>sollempniter</span> <span class='ocrx_word' id='word_1_182' title='bbox 692 3585 859 3667; x_wconf 87' lang='lat' dir='ltr'>receptus.</span> <span class='ocrx_word' id='word_1_183' title='bbox 892 3576 1019 3645; x_wconf 88' lang='lat' dir='ltr'>Deinde</span> <span class='ocrx_word' id='word_1_184' title='bbox 1044 3594 1106 3665; x_wconf 87' lang='lat' dir='ltr'>per</span> <span class='ocrx_word' id='word_1_185' title='bbox 1132 3572 1309 3651; x_wconf 70' lang='lat' dir='ltr'>dominu</span> 
     </span>
     <span class='ocr_line' id='line_1_29' title="bbox 261 3682 1307 3777; baseline -0.001 -21"><span class='ocrx_word' id='word_1_186' title='bbox 261 3690 426 3777; x_wconf 83' lang='lat' dir='ltr'>reginam,</span> <span class='ocrx_word' id='word_1_187' title='bbox 441 3689 594 3757; x_wconf 84' lang='lat' dir='ltr'>relictam</span> <span class='ocrx_word' id='word_1_188' title='bbox 610 3689 785 3775; x_wconf 83' lang='lat' dir='ltr'>patrissui</span> <span class='ocrx_word' id='word_1_189' title='bbox 803 3686 922 3753; x_wconf 87' lang='lat' dir='ltr'>Karoli</span> <span class='ocrx_word' id='word_1_190' title='bbox 935 3684 1040 3773; x_wconf 78' lang='lat' dir='ltr'>regis,</span> <span class='ocrx_word' id='word_1_191' title='bbox 1053 3682 1142 3773; x_wconf 85' lang='lat' dir='ltr'>apud</span> <span class='ocrx_word' id='word_1_192' title='bbox 1153 3688 1307 3755; x_wconf 76' lang='lat' dir='ltr'>cuim</span> 
     </span>
    </p>
   </div>
   <div class='ocr_carea' id='block_1_6' title="bbox 207 3790 1307 4205">
    <p class='ocr_par' dir='ltr' id='par_1_7' title="bbox 260 3790 1307 3881">
     <span class='ocr_line' id='line_1_30' title="bbox 260 3790 1307 3881; baseline 0 -20"><span class='ocrx_word' id='word_1_193' title='bbox 260 3796 515 3862; x_wconf 80' lang='lat' dir='ltr'>Tornodorensc</span> <span class='ocrx_word' id='word_1_194' title='bbox 526 3796 590 3861; x_wconf 92' lang='lat' dir='ltr'>iuit</span> <span class='ocrx_word' id='word_1_195' title='bbox 605 3815 625 3860; x_wconf 92' lang='lat' dir='ltr'>a</span> <span class='ocrx_word' id='word_1_196' title='bbox 638 3794 725 3860; x_wconf 90' lang='lat' dir='ltr'>bona</span> <span class='ocrx_word' id='word_1_197' title='bbox 737 3793 874 3859; x_wconf 90' lang='lat' dir='ltr'>domina</span> <span class='ocrx_word' id='word_1_198' title='bbox 886 3796 1041 3878; x_wconf 87' lang='lat' dir='ltr'>receptus</span> <span class='ocrx_word' id='word_1_199' title='bbox 1060 3790 1307 3881; x_wconf 67' lang='lat' dir='ltr'>benigniani-o</span> 
     </span>
    </p>

    <p class='ocr_par' dir='ltr' id='par_1_8' title="bbox 207 3896 1307 4205">
     <span class='ocr_line' id='line_1_31' title="bbox 207 3896 1307 3971; baseline 0.004 -7"><span class='ocrx_word' id='word_1_200' title='bbox 207 3909 238 3964; x_wconf 79' lang='lat'>30</span> <span class='ocrx_word' id='word_1_201' title='bbox 258 3924 332 3970; x_wconf 91' lang='lat' dir='ltr'>cum</span> <span class='ocrx_word' id='word_1_202' title='bbox 342 3903 638 3971; x_wconf 87' lang='lat' dir='ltr'>omnireuerentia</span> <span class='ocrx_word' id='word_1_203' title='bbox 649 3908 684 3967; x_wconf 91' lang='lat' dir='ltr'>et</span> <span class='ocrx_word' id='word_1_204' title='bbox 692 3896 968 3967; x_wconf 88' lang='lat' dir='ltr'>lronore.l)einde</span> <span class='ocrx_word' id='word_1_205' title='bbox 980 3896 1117 3965; x_wconf 85' lang='lat' dir='ltr'>Italiam</span> <span class='ocrx_word' id='word_1_206' title='bbox 1126 3898 1307 3969; x_wconf 68' lang='lat' dir='ltr'>uambae</span> 
     </span>
     <span class='ocr_line' id='line_1_32' title="bbox 258 4004 1307 4097; baseline 0 -22"><span class='ocrx_word' id='word_1_207' title='bbox 258 4010 504 4097; x_wconf 88' lang='lat' dir='ltr'>aliquantulum</span> <span class='ocrx_word' id='word_1_208' title='bbox 535 4010 640 4075; x_wconf 84' lang='lat' dir='ltr'>Rome</span> <span class='ocrx_word' id='word_1_209' title='bbox 671 4006 796 4074; x_wconf 85' lang='lat' dir='ltr'>iratres</span> <span class='ocrx_word' id='word_1_210' title='bbox 830 4004 1021 4073; x_wconf 82' lang='lat' dir='ltr'>cardinales</span> <span class='ocrx_word' id='word_1_211' title='bbox 1057 4004 1232 4089; x_wconf 77' lang='lat' dir='ltr'>uisitauit,</span> <span class='ocrx_word' id='word_1_212' title='bbox 1269 4010 1307 4075; x_wconf 77' lang='lat' dir='ltr'>at</span> 
     </span>
     <span class='ocr_line' id='line_1_33' title="bbox 258 4108 1108 4205; baseline -0.001 -22"><span class='ocrx_word' id='word_1_213' title='bbox 258 4138 360 4205; x_wconf 88' lang='lat' dir='ltr'>prope</span> <span class='ocrx_word' id='word_1_214' title='bbox 372 4117 591 4205; x_wconf 83' lang='lat' dir='ltr'>Campaniam</span> <span class='ocrx_word' id='word_1_215' title='bbox 603 4133 733 4181; x_wconf 89' lang='lat' dir='ltr'>morum</span> <span class='ocrx_word' id='word_1_216' title='bbox 749 4112 842 4183; x_wconf 84' lang='lat' dir='ltr'>lecit.</span> <span class='ocrx_word' id='word_1_217' title='bbox 1102 4108 1108 4119; x_wconf 85' lang='lat'>&#39;</span> 
     </span>
    </p>
   </div>
   <div class='ocr_carea' id='block_1_7' title="bbox 0 0 1464 5046">
    <p class='ocr_par' dir='ltr' id='par_1_9' title="bbox 0 0 1464 5046">
     <span class='ocr_line' id='line_1_34' title="bbox 0 0 1464 5046; baseline 0 0"><span class='ocrx_word' id='word_1_218' title='bbox 0 0 1464 5046; x_wconf 95' lang='lat' dir='ltr'> </span> 
     </span>
    </p>
   </div>
  </div>
 </body>
</html>
