2918 5046
711 404 867 465 ..3¹10-

264 536 416 618 tempore
441 534 641 608 euenerunt,
672 536 896 601 reuertamur.
927 532 1120 623 Antequam
1146 532 1281 605 domim

265 638 409 707 Seuinus
428 638 568 725 pallium
587 638 871 727 archiepiscopale
895 642 1091 731 recepisset,
1115 642 1280 713 iacebatin

267 747 447 815 refectorio
483 749 722 815 monachorum
758 748 991 819 Sancti-Petri
1020 752 1077 821 die
1106 758 1280 823 mcum

267 856 429 921 Iohannis
449 860 485 922 et
507 854 617 920 Pauli.
633 855 717 920 Dum
734 876 769 923 se
782 858 894 943 sopori
916 857 1081 939 dedisset,
1094 860 1279 949 epparuitei

264 968 403 1029 sanctus
419 961 624 1028 Saninianus
638 961 753 1028 dicens
770 984 778 1029 :
797 966 929 1040 -Quare
942 964 1052 1033 locum
1066 970 1278 1035 nostrumnon

263 1066 463 1136 restauras?
480 1069 591 1143 Quare
606 1070 837 1155 possessiones
849 1072 958 1138 nostri
972 1070 1105 1139 cenobii
1124 1070 1276 1141 retium·

262 1174 315 1241 Ad
329 1176 392 1242 heo
411 1172 683 1262 expergefactus,
704 1176 853 1243 surrexit
872 1181 908 1243 et
929 1174 973 1243 ad
996 1178 1181 1247 monachos
1199 1176 1277 1257 adiit,

261 1287 297 1352 ei
316 1288 509 1372 prostratus
532 1301 645 1348 coram
661 1284 724 1362 eis,
742 1284 878 1350 ueniam
893 1284 1110 1371 precabatur.
1131 1282 1277 1353 Reddens·

263 1410 326 1477 que
343 1390 393 1455 eis
407 1390 649 1477 possessiones,
671 1387 773 1457 rediit
786 1390 821 1455 in
836 1390 1023 1459 ciuitatem.
1043 1392 1209 1461 Dixeruut
1219 1390 1276 1459 ni:

208 1493 240 1551 ¹⁰
264 1526 280 1553 ι
300 1496 397 1562 Vnde
418 1497 534 1562 viuere
563 1496 757 1582 possimus?
783 1527 798 1554 ι
818 1497 1029 1586 Respondit:
1046 1528 1063 1556 ι
1078 1498 1168 1567 Deus
1185 1500 1278 1587 paesi

262 1622 426 1689 pauperes
446 1622 525 1668 suos
541 1626 548 1681 ;
582 1602 800 1669 sustentabor
814 1606 1018 1689 patrimonio
1034 1625 1110 1673 meo
1125 1622 1274 1693 usquequo

262 1709 350 1773 Deus
392 1710 554 1776 restituat
589 1708 905 1796 Sancto-Stephano
947 1712 1180 1799 possessiones
1214 1728 1275 1777 nn

260 1836 353 1882 nere.
388 1846 404 1873 n
431 1817 474 1882 Et
504 1816 631 1884 iactum
658 1823 712 1886 est
737 1822 776 1884 ut
804 1814 897 1885 inira
924 1816 1061 1883 domum
1086 1836 1201 1885 omnes
1221 1832 1276 1905 pe*

262 1943 412 1989 sessores
445 1929 659 1990 moneantur.
696 1924 790 1989 Tunc
830 1923 1105 2011 archiepiscopus
1135 1920 1275 1991 iudom

260 2032 358 2098 iuxta
380 2032 555 2097 ecclesiam
573 2030 888 2117 Sancti-Stephani,
915 2050 1016 2117 quam
1046 2026 1275 2119 tunoonpor'·

261 2139 445 2217 edificant,
468 2139 638 2206 habitauit
658 2144 697 2207 ut
715 2136 776 2204 iiiii
793 2138 942 2205 Ecclesie
969 2138 1148 2209 uenientes
1167 2134 1276 2205 aredio·

262 2249 436 2335 piscopum
460 2244 665 2312 inuenirent.

302 2460 370 2528 Sub
392 2462 466 2547 ipso
483 2464 647 2547 tempore,
663 2458 850 2525 Letharius
865 2476 926 2524 rex
947 2476 1024 2523 cum
1038 2456 1273 2525 exercitum·

258 2558 1272 2652 cauitsubsenorinthingiam.1²rancifueruntusqmdpde

205 2680 242 2737 20
258 2676 344 2742 tium
357 2675 682 2761 Aquisgraninense.
700 2671 784 2739 Octo
806 2671 853 2749 ΙΙ,
871 2670 1069 2757 inperator,
1092 2668 1271 2759 ingenim

257 2782 306 2849 eis
318 2779 456 2860 exinde;
471 2786 507 2847 et
523 2781 643 2846 Franci
653 2781 687 2844 in
697 2778 825 2866 palatio
835 2778 1002 2847 neminem
1013 2772 1270 2847 inuenerunore

255 2893 334 2956 rata
358 2908 420 2975 pro
444 2886 521 2953 eliis
545 2885 764 2953 comederunt
789 2889 825 2952 et
852 2885 999 2972 patriam
1019 2880 1265 2955 unumunurn*
1301 2958 1305 2963 ,

300 3103 384 3169 Post
393 3100 456 3167 hec
469 3098 552 3166 Octo
563 3100 747 3184 imperator
761 3117 836 3163 cum
851 3096 1004 3163 exercitu
1019 3096 1116 3165 uenit
1131 3092 1268 3169 Pande

257 3212 312 3277 nbi
328 3207 527 3278 interiectus
540 3225 643 3291 nepos
653 3224 734 3269 suus
749 3222 824 3270 cum
839 3202 917 3269 aliis
931 3201 1098 3289 pluribus.
1116 3196 1272 3271 manarit·

257 3337 318 3383 rex
333 3322 368 3383 et
390 3316 489 3401 Hugo
509 3312 578 3378 dux
591 3319 674 3378 tunc
694 3312 871 3378 irruerunt
891 3311 926 3376 in
945 3329 1017 3390 eos,
1033 3315 1071 3378 et
1089 3312 1153 3401 ipsi
1177 3296 1276 3377 affl

257 3424 464 3489 Francorum
484 3418 657 3507 iugerunt;
680 3422 716 3483 ei
732 3416 856 3483 Franci
878 3435 937 3483 eos
958 3415 1071 3484 tribue
1092 3404 1283 3487 noedbud

255 3525 373 3594 diebus
390 3526 557 3613 persecuti
570 3530 650 3591 sunt
662 3544 720 3589 eos
732 3521 891 3609 usquead
908 3521 1121 3592 Suessiones.
1138 3510 1290 3591 hmin-

255 3636 387 3721 gientes
395 3634 612 3698 intrauerunt
620 3629 755 3695 alneum
767 3626 968 3706 fluminis,et
976 3624 1301 3699 nescienteeuaduln

256 3742 429 3829 perierunt
453 3738 601 3825 plurimi,
627 3736 781 3805 etmulti
809 3753 853 3801 ex
875 3736 926 3801 eis
951 3734 1160 3803 Francorum
1174 3716 1312 3825 ΜΒ·

207 3860 240 3917 ³0
257 3853 338 3914 sunt
350 3848 474 3927 occisi;
492 3852 606 3913 tamen
623 3846 810 3933 imperator
824 3840 896 3909 fere
911 3842 1007 3909 uenit
1021 3840 1116 3911 seius
1129 3830 1315 3931 adpre*⁸¹

257 3978 349 4023 suas.
375 3956 418 4022 Et
445 3954 566 4019 Franci
594 3972 668 4019 cum
686 3950 831 4018 uictoria
862 3953 942 4016 sunt
962 3950 1094 4017 reuersi
1116 3940 1315 4017 mudssfl

256 4084 353 4131 suam
366 4059 659 4139 consuetudinem,
683 4060 788 4127 Deum
812 4054 1032 4125 deuotissime
1051 4044 1315 4127 minuent&
