2970 5430
730 474 871 528 458-.

282 705 332 769 De
339 706 614 788 predicatoribus,
624 727 701 789 crios
709 708 797 772 mi‘sit
808 722 941 774 stenelus
951 713 1138 799 Petrusper
1146 717 1317 793 mnndum,

420 823 492 895 post
511 824 641 878 serratos
655 814 876 879 Sauiniannm
891 826 922 880 et
938 817 1184 885 potentianum.

324 1030 421 1095 Circa
459 1029 521 1094 hec
554 1035 707 1114 tempore
740 1028 955 1095 beatissimus
987 1017 1110 1098 Petrus
1137 1033 1233 1100 misit
1256 1022 1319 1120 xper

150 1125 152 1127 ¹
280 1137 440 1223 quasdem
473 1135 588 1201 mundi
618 1142 732 1221 partes
773 1136 858 1203 alios
892 1137 1142 1224 predicatores:
1179 1140 1315 1216 Mettis,

279 1245 434 1312 videlicet
447 1248 600 1310 sanctum
616 1243 834 1320 Clementem,
852 1244 1003 1310 Romane
1016 1244 1200 1332 reipublice
1212 1247 1319 1333 patri-

279 1354 383 1429 cium;
410 1351 635 1428 Tullensibus,
660 1357 814 1416 sanctum
834 1351 1068 1430 Mansuetum;
1094 1351 1224 1430 Remis,
1246 1353 1317 1441 Spe·

278 1462 363 1526 tium
382 1465 417 1526 et.
436 1460 618 1536 Sisinium;
638 1458 858 1535 Chatalamis,
877 1458 1101 1538 Mesminum;
1118 1459 1277 1525 Treueris
1287 1470 1318 1523 et

278 1565 426 1642 Colonie,
452 1565 669 1640 Eucherium,
697 1564 870 1630 Valerium
895 1570 929 1630 et
953 1565 1163 1643 Maternum,
1178 1570 1215 1632 et
1237 1564 1318 1631 alios

278 1673 403 1738 multos
415 1672 483 1760 qui,
496 1670 568 1735 luce
580 1671 751 1747 ueritatis
768 1668 980 1736 infidelitatis
990 1669 1149 1737 tenebras
1159 1671 1197 1736 in
1207 1669 1318 1736 diuer-

213 1784 258 1837 ⁴¹0
278 1781 327 1844 sis
341 1779 454 1847 mundi
468 1777 620 1865 partibus
631 1776 842 1863 depulerunt.

323 1888 417 1952 Inter
432 1905 513 1970 quos
531 1882 756 1948 affuitbeatus
774 1884 943 1950 Martialis
957 1904 1054 1968 quem
1068 1882 1188 1950 beatus
1198 1884 1318 1950 Petrus

194 2050 196 2054 Α
275 1993 368 2062 misit
380 1991 420 2057 ad
437 1989 688 2077 predicandum,
700 1988 839 2055 tradens
856 1990 886 2053 ei
902 1991 1038 2067 sotium,
1054 1995 1092 2056 ut
1107 1991 1142 2055 in
1156 1989 1242 2057 libro
1252 1990 1318 2054 uite

276 2119 376 2164 auree
401 2098 606 2165 continetur.
635 2096 677 2160 Et
695 2094 772 2159 dum
798 2096 863 2159 iret
886 2101 1024 2161 sanctus
1050 2097 1223 2162 Martialis
1246 2115 1318 2162 cum

276 2207 363 2271 sotio
378 2204 419 2269 ad
442 2205 571 2290 uigenti
591 2203 713 2280 dietas,
736 2201 915 2268 defunctus
931 2208 983 2270 est
999 2204 1109 2271 socius
1122 2203 1319 2272 beatiMer·

275 2311 381 2378 tialis.
414 2311 485 2386 Quo
523 2311 672 2396 sepulte,
705 2309 791 2373 idem
826 2309 999 2378 Martialis
1020 2309 1063 2376 ad
1087 2309 1317 2377 beatissimum

275 2416 414 2483 Petrum
426 2417 527 2482 rediit
537 2423 572 2482 et
582 2423 723 2482 mortem
737 2418 788 2480 sui
806 2417 882 2482 sotii
897 2418 1081 2484 nuntiauit.
1096 2418 1190 2484 Tunc
1201 2416 1319 2483 beatus

276 2525 411 2599 Petrus,
429 2543 538 2608 papa,
555 2522 664 2594 eidem
684 2523 837 2589 baculum
855 2523 998 2589 tradidit
1014 2525 1207 2612 precipiens
1223 2530 1262 2591 ut
1277 2521 1317 2588 ad

276 2631 402 2695 socium
427 2631 503 2708 iret,
521 2637 556 2696 et
577 2629 732 2721 baculum
749 2651 849 2716 super
864 2651 984 2718 corpus
1003 2637 1156 2717 poneret.
1173 2630 1269 2706 Quod
1284 2637 1317 2695 et

275 2736 355 2802 fecit
368 2737 550 2815 Martialis,
569 2742 603 2803 et
617 2743 699 2802 tunc
718 2738 837 2814 sotius,
854 2738 910 2822 qui
930 2760 991 2826 per
1003 2736 1232 2825 quadraginta
1247 2735 1319 2802 dies

220 2845 428 2908 inmortuus
444 2841 568 2920 iuerat,
589 2846 792 2921 resurrexit,
806 2851 840 2911 et
855 2864 933 2914 cum
948 2845 1066 2914 eodem
1077 2843 1229 2912 Martiali
1240 2863 1316 2934 pre-

275 2948 455 3022 dicationis
476 2947 616 3016 offitium
636 2949 850 3036 adimpleuit..

629 3394 681 3461 ile
702 3408 816 3461 sonrlo
840 3397 954 3462 Prnrlo.

319 3594 423 3660 Anno.
441 3592 488 3658 ab.
510 3595 753 3662 lucernatione
769 3595 937 3661 dominica
966 3595 1177 3681 sexagesimo
1192 3593 1311 3680 primo,

276 3700 392 3770 beatus
404 3700 535 3769 Paulus
545 3701 648 3768 Rome
660 3700 755 3768 uenit
770 3700 815 3767 ad
828 3701 1035 3767 sanctissimi
1046 3700 1141 3767 Petri
1156 3698 1312 3767 solatiam

274 3812 308 3880 et
322 3812 539 3893 augmentum
551 3830 559 3884 ;
572 3827 632 3893 pro
644 3808 790 3875 ueritate
801 3809 908 3875 multa
919 3827 1040 3895 passus
1052 3810 1106 3873 est
1115 3825 1200 3891 quas
1213 3806 1314 3892 scrip·

274 3915 320 3987 sit
333 3913 452 3980 beatus
468 3913 650 3999 Hylarius:
677 3915 711 3979 in
731 3915 887 4002 Pitilipis,
904 3915 1010 4000 uirgis
1023 3913 1166 3989 ceditur,
1185 3914 1222 3980 iu
1238 3932 1314 3978 car·

273 4040 349 4094 cere
363 4021 512 4106 ponitur,
528 4021 619 4106 ligno
632 4022 770 4108 pedibus
786 4023 948 4110 affligitur
961 4044 969 4100 ;
984 4023 1019 4087 in
1037 4020 1174 4099 Listris,
1188 4017 1314 4109 lapida-

274 4138 351 4206 tore
367 4128 403 4195 in
417 4126 570 4193 Ychonio
583 4135 617 4194 et
629 4129 849 4196 Thesalonica
863 4180 870 4207 ,
886 4129 928 4195 ab
944 4128 1067 4214 iniquis
1079 4127 1309 4216 persequitur;
