2918 5046
691 464 849 521 -lur-

250 614 348 679 quam
379 592 503 659 habere
526 592 625 661 debet
648 594 756 659 miles.
787 628 830 645 -
860 591 944 668 Quid
976 592 1149 681 significet
1175 593 1286 661 tunica

249 700 375 765 rubea?
395 736 439 749 -
453 700 628 787 Significat
648 699 734 787 quod
762 720 828 767 uon
853 700 952 767 debet
975 701 1095 767 timere
1120 700 1287 769 effundere

251 808 448 894 sauguinem
464 828 560 873 suuru
579 828 640 894 pro
656 810 736 873 Deo.
753 844 797 857 -
818 806 903 883 Quid
918 806 1131 896 significatur
1146 828 1208 895 per
1219 807 1288 874 cla-

250 914 368 979 ruideru
381 914 395 980 1
409 950 453 965 -
465 916 647 982 Honestas.
664 952 708 965 -
727 914 812 991 Quid
828 914 999 1001 siguificat
1014 914 1166 1001 corrigie
1184 912 1287 979 ulual

250 1054 294 1068 -
306 1020 504 1088 Castitatem
518 1044 525 1087 :
538 1022 613 1087 Nou
627 1021 725 1089 debet
735 1022 893 1087 accedere
906 1020 948 1087 ad
961 1039 1120 1107 sponsam
1133 1020 1286 1088 alterius.

250 1160 293 1174 —
309 1126 393 1201 Quid
408 1128 600 1215 significant
617 1128 725 1215 caligo
738 1128 859 1215 nigre?
881 1128 1025 1195 Mortem
1040 1146 1142 1214 quam
1166 1144 1289 1213 premo-

252 1235 354 1301 dituri
369 1234 479 1313 debet,
501 1243 538 1301 ut
553 1256 685 1321 semper
698 1234 781 1299 bene
794 1242 887 1321 agat.
905 1234 967 1299 Cui
983 1232 1186 1301 saladinus:
1203 1232 1291 1309 Quo·

253 1342 351 1408 modo
385 1341 573 1409 adebalur?
602 1342 662 1407 Cui
692 1343 807 1407 miles:
837 1342 968 1429 Vigilat
996 1362 1057 1429 per
1087 1347 1221 1408 noctem
1256 1340 1290 1406 iu

255 1449 409 1527 ccclesia,
438 1458 476 1515 ut
496 1451 600 1516 Deum
613 1455 710 1537 roget
737 1458 774 1515 ut.
795 1451 904 1536 ipsum
928 1448 1032 1517 talem
1054 1447 1157 1515 satiat
1184 1446 1292 1533 qualis

204 1582 237 1637 10
255 1581 329 1625 esse
344 1560 453 1627 debet.
471 1560 532 1625 Cui
547 1560 664 1626 uriles:
691 1562 791 1625 Mane
804 1562 839 1626 iu
856 1560 943 1625 collo
955 1559 1145 1647 percutitur
1159 1578 1181 1623 u
1198 1558 1292 1643 priu-

256 1668 338 1753 cipe,
360 1674 395 1733 et
410 1668 620 1753 procingitur
638 1668 751 1753 gladio
770 1688 812 1733 ex
830 1675 971 1753 utruque
993 1675 1090 1753 purte
1111 1663 1290 1741 scindenti,

257 1784 295 1839 ut
314 1794 446 1860 semper
467 1789 595 1839 rectum
615 1774 770 1841 iuditium
786 1780 903 1841 toneat
923 1781 958 1840 ot
976 1772 1144 1839 obseruet-
1171 1770 1294 1837 Pontou

258 1901 378 1965 equum
393 1880 547 1945 ascendii
560 1902 634 1946 curu
655 1882 750 1947 lreuo
763 1888 798 1949 el
814 1879 1003 1949 calcaribus
1017 1879 1205 1955 deauratis.
1217 1878 1293 1965 quio

259 1987 358 2051 alteri
376 2008 442 2052 uou
456 1989 660 2053 conueniunt
674 1990 740 2053 uisi
755 1989 907 2075 legitimo
921 1989 1033 2053 militi.
1052 1988 1146 2051 Tunc
1164 1984 1295 2053 Suladi-

259 2118 343 2161 uus:
359 2097 444 2163 Volo
460 2118 536 2161 esse
547 2097 655 2162 ruilus,
677 2096 738 2161 Cui
752 2096 808 2161 ille
822 2118 829 2160 ε
845 2096 922 2161 Nou
936 2116 973 2160 es
994 2094 1116 2171 fidelis,
1131 2088 1293 2179 quomodo

259 2203 355 2267 ruilcs
384 2202 468 2267 erisl
498 2204 623 2267 Tamen
649 2202 758 2279 miles,
789 2204 910 2267 liruore
939 2200 1155 2287 perterritus,
1187 2198 1293 2284 ipsum

259 2310 320 2375 tuli
345 2308 442 2373 ruodo
463 2309 606 2387 adooat,
624 2318 659 2375 et
678 2308 760 2373 abeo
778 2308 941 2375 liberatus
960 2326 1034 2373 cum
1050 2304 1168 2372 multis
1199 2302 1294 2369 douio

260 2416 412 2481 recessit.

305 3054 405 3122 uliud
427 3054 551 3121 dicitur
566 3055 607 3119 de
631 3058 703 3144 ipso
724 3056 810 3141 quod
837 3058 870 3121 in
896 3076 1031 3123 carcere
1053 3054 1187 3123 audiuit
1212 3058 1300 3124 inter

210 3170 246 3227 ‘20
262 3163 541 3231 ceterosmilileru
558 3164 760 3229 clamantem
777 3165 842 3229 sic:
860 3164 952 3228 lleu!
967 3164 1080 3251 patria
1094 3162 1297 3229 meadulcis!

263 3272 335 3333 llou
349 3270 356 3333 !
371 3270 483 3357 prurio
500 3290 574 3335 urea
595 3270 720 3335 dulcis!
738 3270 841 3343 Queru
871 3270 1012 3335 militem
1037 3268 1079 3334 ad
1101 3290 1138 3335 oe
1164 3270 1301 3339 uocauit

262 3377 452 3459 Suludiuus,
478 3384 595 3463 peleus
614 3379 656 3441 ab
674 3380 758 3463 ipso:
775 3380 846 3449 (due
868 3385 921 3442 est
944 3378 1055 3463 putria
1072 3396 1134 3463 pro
1160 3394 1228 3461 qua
1253 3376 1301 3443 iu

263 3484 413 3549 clarnos?
436 3486 495 3549 l'ui
515 3486 591 3551 ille:
620 3485 853 3550 Pulcherrima
875 3492 977 3551 estet
996 3492 1140 3551 uocatur
1164 3484 1297 3550 Bassia.

262 3596 273 3653 1
279 3594 322 3657 'ui
338 3591 535 3657 Suladiuus:
563 3596 647 3658 Sunt
664 3592 707 3657 ibi
725 3590 888 3657 neruorul
905 3592 966 3657 Cui
989 3591 1103 3657 miles:
1126 3590 1204 3657 Nou
1221 3598 1301 3659 sunl

263 3698 307 3763 ibi
323 3698 448 3764 cibario
462 3720 521 3764 nuc
533 3698 683 3777 flumina,
700 3721 765 3765 nou
782 3708 862 3767 suut
875 3700 919 3765 ibi
935 3700 1056 3781 sontes,
1075 3718 1142 3763 non
1156 3704 1238 3765 suut
1256 3698 1300 3763 ibi

264 3806 401 3873 arbores
418 3806 594 3883 fructuosi,
613 3815 768 3873 nonsunt
784 3807 827 3871 ilri
846 3808 955 3885 vinee,
969 3802 1302 3879 ηοω-0101111111

264 3914 455 4001 putriul-
476 3914 673 3979 Sollicitudo
699 3916 840 3981 heronii.
866 3952 910 3965 -
934 3916 993 3980 Est
1021 3914 1116 4001 peior
1142 3931 1298 3989 carcere:

264 4043 322 4087 ras
340 4022 431 4099 illuc,
448 4026 482 4087 et
504 4042 564 4107 pcr
586 4022 685 4087 lidcur
710 4028 802 4088 tuum
831 4042 969 4088 moneas
993 4020 1050 4087 ibi.
1080 4020 1123 4087 Et
1147 4022 1196 4085 sic
1224 4018 1302 4085 libo·

266 4135 362 4194 ratur
389 4129 497 4195 miles.
