2918 5046
711 454 855 520 40-

259 586 339 650 lium
354 589 569 665 inuenerunt,
595 596 837 676 cognorerunt,
851 596 885 657 et
900 593 931 655 ei
950 608 1090 658 munera
1104 591 1301 659 obtulerunt

259 692 453 760 adorantes.
472 694 568 761 Unde
584 710 724 762 uersus:

311 909 425 982 Gaspar
443 909 497 967 lert
511 910 662 980 mirrham,
679 913 747 968 tirus
768 908 924 981 Melanion,
941 912 1098 970 Betthasar
1112 926 1226 972 aurum.

303 1132 341 1195 In
354 1132 426 1216 ipsa
436 1150 517 1195 uero
527 1130 581 1196 die
592 1130 795 1197 Natiuitatis
808 1130 984 1208 dominice,
999 1136 1071 1197 tres
1083 1131 1171 1196 soles
1194 1140 1301 1218 eppa·

259 1244 412 1315 ruerunt,
436 1239 491 1323 qni
512 1238 676 1324 paulatim
700 1240 733 1302 in
760 1259 860 1302 unum
888 1258 1009 1323 eorpus
1036 1238 1147 1304 solare
1167 1236 1297 1304 redacti

259 1352 349 1411 sunt.
377 1344 521 1431 Propter
541 1345 627 1431 quod
653 1345 865 1431 significatur
890 1343 976 1430 quod
992 1346 1083 1412 terni
1098 1342 1212 1411 etuui
1238 1344 1298 1411 Dei

260 1454 382 1519 notitia
397 1454 528 1519 cunctis
539 1453 669 1539 populis
688 1451 894 1518 imminebat.

305 1671 496 1736 Hecomnia
509 1670 550 1735 ad
568 1672 723 1736 notitiam
740 1671 793 1735 uel
807 1669 848 1735 ad
866 1671 975 1734 uisum
990 1668 1181 1748 Octouiani,
1200 1670 1302 1758 impe·

258 1779 395 1854 ratoris,
411 1784 656 1863 peruenerunt;
675 1785 721 1855 et,
744 1777 801 1842 illo
814 1783 977 1862 tempore,
997 1776 1153 1855 Romani,
1173 1776 1300 1845 dietum

208 1889 241 1943 ¹0
259 1883 479 1951 Ootouianum
501 1891 661 1970 tanquam
693 1904 788 1948 snum
817 1882 914 1948 deum
939 1882 1165 1962 nominantes,
1191 1884 1300 1971 ips'unt

258 1991 355 2056 deum
372 1993 463 2077 pacis
483 1992 591 2056 colere
608 1991 798 2056 uoluerunt.
824 1990 887 2055 Sed
911 1992 980 2076 ipse
1000 1988 1160 2076 prudens,
1178 1990 1300 2077 siguis,

259 2120 321 2184 que
342 2099 404 2163 sibi
422 2105 662 2185 apparuerant,
680 2096 830 2174 edoctuS,
845 2118 879 2161 se
897 2092 1059 2182 siquidem
1076 2096 1300 2163 immortalem

259 2229 323 2271 non
341 2228 415 2271 esse
441 2207 647 2292 intelligens,
664 2204 931 2271 immortalitatis
958 2222 1078 2268 nomen
1099 2204 1163 2269 sibi
1192 2200 1301 2289 poluit

261 2333 435 2399 usurpare.

302 2419 366 2483 Illa
393 2419 446 2483 die
470 2420 672 2484 Natiuitatis
697 2418 875 2494 dominice,
900 2423 986 2493 erat,
1014 2437 1088 2482 curn
1113 2416 1302 2484 Octoniano

258 2529 472 2613 imperatore,
491 2526 630 2612 quedam
649 2526 771 2598 sibilla,
791 2527 924 2590 nomine
941 2533 1049 2601 vates,
1077 2531 1111 2590 et
1128 2524 1177 2589 illi
1200 2542 1301 2613 appa·

259 2637 339 2709 ruit,
357 2634 414 2698 illa
430 2633 618 2708 (hemonia,
643 2632 787 2696 circulus
810 2651 932 2695 aureus
948 2631 1038 2695 eirca
1060 2630 1176 2707 solem,
1198 2638 1245 2708 et,
1266 2633 1300 2697 in

259 2740 511 2817 malioeireuti,
541 2742 637 2824 uirgo
665 2738 904 2823 pulcherrima,
933 2757 1069 2822 puerum
1101 2746 1240 2822 gestans
1266 2738 1300 2802 in

258 2851 397 2935 gremio.
416 2850 520 2926 Tune,
546 2868 619 2911 rum
634 2847 813 2933 plurimum
838 2847 1077 2921 admiraretur,
1092 2845 1301 2911 Octouianus

204 2954 240 3010 20
258 2958 442 3043 imperator
453 2962 487 3021 et
499 2956 639 3021 llomuni
652 2953 831 3019 audierunt
842 2972 955 3018 noeern
965 2952 1130 3019 dicentem
1144 2972 1151 3017 :
1166 2951 1236 3017 Hec
1248 2964 1300 3018 est

260 3065 406 3132 araceli,

305 3281 408 3346 raama
420 3283 522 3347 etiam
538 3290 613 3348 erat
630 3280 704 3345 lons
720 3301 817 3365 aque,
834 3286 867 3344 et
881 3298 969 3344 nunc
989 3284 1053 3357 est,
1068 3279 1174 3365 quiin
1190 3277 1302 3366 liquo·

259 3405 328 3450 rein
353 3387 416 3452 olei
444 3409 562 3452 uersus
578 3402 642 3465 est,
660 3395 695 3454 et
719 3385 890 3473 profluxit,
909 3405 967 3473 per
991 3386 1118 3463 urbem,
1137 3384 1300 3472 usquead

259 3490 472 3577 Tyberiadim
495 3490 631 3572 flumen,
659 3504 756 3560 nocte
773 3499 808 3561 et
823 3494 875 3559 die
900 3494 1103 3563 Natiuitatis
1119 3492 1296 3560 dominice.

303 3707 342 3771 ln
370 3706 429 3772 illa
444 3726 523 3771 uero
544 3717 640 3775 nocte
658 3712 754 3777 uinea
779 3712 921 3799 Engarli,
941 3733 1004 3798 que
1031 3709 1208 3798 proferunt
1224 3707 1300 3774 bal·

259 3835 400 3890 sarnum,
411 3812 610 3893 floruerunt,
623 3826 668 3894 et,
685 3819 737 3884 (lie
751 3820 966 3894 Natiuitatis,
985 3814 1131 3884 fructum
1147 3813 1301 3903 protnle-

259 3933 350 4001 runt,
379 3928 413 3987 et
436 3922 597 4008 liquorem
620 3923 805 4003 dederunt;
832 3925 918 4013 quod
944 3930 979 3992 et
1005 3923 1192 3991 Ontoniano
1209 3940 1300 3987 nun-⁵

259 4031 376 4096 tiatnr.

302 4137 489 4203 Nuntiatur
503 4145 580 4221 post
596 4138 728 4204 modurn
745 4138 852 4205 eidem
880 4139 921 4205 de
944 4138 1078 4226 angelo
1106 4136 1162 4223 qui
1180 4140 1300 4223 paeto-
