2918 5046
663 626 713 692 De
737 637 852 693 sancto
878 624 1055 691 Clemente.
1109 610 1111 614 Α

371 845 524 931 Suscepit
538 847 645 932 igitur
666 844 890 912 sacerdotium
922 843 1072 909 Romane
1088 840 1178 908 sedis
1196 842 1370 922 Clemens,

326 970 347 1015 a
363 950 460 1018 beato
475 953 578 1018 Petro
594 955 728 1030 tertius,
748 951 800 1017 uel
817 950 1000 1017 secundum
1017 948 1192 1035 quosdam,
1208 957 1371 1036 quartus.

326 1056 389 1121 Hic
399 1059 552 1142 quamuis
568 1065 658 1126 esset
671 1059 797 1125 electus
814 1078 833 1123 a
849 1057 947 1122 beato
967 1055 1082 1133 Petro,
1098 1055 1323 1124 confirmatus
1335 1064 1373 1126 et

325 1170 541 1230 consecratus
556 1186 616 1251 per
631 1166 691 1230 heo
708 1165 811 1229 uerba
824 1165 918 1231 Petri
930 1163 1096 1229 dicentis:
1115 1193 1130 1218 a
1150 1165 1292 1231 Fratres
1304 1165 1373 1232 ku·

326 1298 341 1323 a
371 1270 508 1346 nissimi,
526 1272 805 1356 nonignorantes
827 1277 958 1354 tempus
973 1271 1141 1356 passionis
1158 1276 1287 1350 nostre,
1304 1292 1373 1358 pu-

326 1405 341 1430 a
369 1397 436 1461 gna
453 1385 573 1442 contra
591 1397 724 1461 magum
739 1377 917 1461 Symonenr
935 1375 1130 1461 adimpleta,
1153 1376 1226 1443 loco
1243 1379 1369 1456 nostri,

326 1512 340 1537 u
368 1483 571 1548 auctoritate
589 1482 767 1559 dominica,
788 1482 1037 1560 confirmamus
1053 1481 1250 1548 ordinamds
1265 1488 1301 1552 et
1315 1483 1372 1551 bo·

253 1618 262 1634 ·
326 1618 340 1643 a
369 1588 553 1652 redicimus
569 1588 785 1664 Clementem,
808 1609 904 1674 quem
919 1589 1045 1654 iustum
1064 1589 1219 1654 nouimus
1237 1596 1271 1656 et
1283 1587 1372 1656 flde-

271 1700 304 1755 10
325 1723 339 1748 a
366 1693 443 1770 lem,
464 1724 478 1749 ι
497 1696 608 1779 coegit
624 1695 743 1759 Linum
754 1700 788 1759 et
807 1694 938 1760 Cletum
955 1701 1034 1760 aute
1052 1718 1088 1762 se
1103 1695 1309 1782 pontificari,
1326 1695 1370 1763 de

321 1820 419 1864 cruce
430 1799 624 1865 beatissimo
637 1801 738 1866 Petro
754 1800 906 1886 deposito
917 1806 951 1866 et
963 1802 1105 1887 sepulto.
1121 1802 1164 1869 Et
1178 1803 1227 1868 ita
1240 1801 1371 1870 dicitur
1394 1815 1399 1823 “

322 1913 463 1991 quartus
478 1913 554 1993 post
581 1908 677 1983 istos,
695 1914 729 1972 et
741 1909 870 1992 primus
883 1913 961 1992 post
975 1908 1126 1974 Petrum.

365 2123 429 2188 Hic
455 2123 592 2209 scripsit
620 2123 723 2187 libros
760 2123 929 2208 xpistiane
969 2120 1064 2199 fidei;
1102 2120 1157 2186 hio
1183 2124 1368 2192 constituit

322 2237 448 2314 septem
471 2232 622 2296 notarios
646 2250 705 2315 per
727 2230 916 2316 prouiutias
939 2230 995 2314 qui
1022 2229 1190 2314 martyria
1214 2234 1250 2298 ot
1274 2231 1367 2299 vius

321 2341 514 2400 sanctorum
536 2335 746 2413 scribebant;
767 2336 821 2400 hic
841 2337 1019 2401 constituit
1040 2341 1079 2401 ut
1103 2334 1265 2423 baptizati
1282 2357 1368 2404 con·

319 2438 509 2505 firmentur.
528 2441 607 2506 Uita
622 2442 728 2527 ipsius
745 2461 804 2527 per
820 2441 943 2508 multas
960 2441 1121 2507 scribitur
1137 2442 1314 2523 ecclesias,
1329 2452 1367 2512 et

321 2543 395 2608 ideo
409 2545 537 2611 hicnon
551 2567 693 2632 appono.
708 2547 801 2613 Sedit
813 2549 917 2613 Rome
932 2550 1031 2613 annis
1046 2568 1177 2626 novem,
1191 2550 1366 2617 mensibus

322 2647 462 2729 duobus,
480 2651 597 2718 diebus
613 2653 740 2720 decem.
1135 2655 1139 2665 '

388 2867 439 2932 De
452 2871 622 2952 sepultura
633 2869 863 2953 Apostolorum
880 2880 911 2934 el
923 2871 963 2935 de
978 2870 1165 2937 inventione
1176 2872 1297 2955 ceptris

267 3004 302 3059 «χο
725 2985 833 3042 sancti
849 2976 956 3042 Pauli.

363 3195 499 3280 Sepulto
510 3194 703 3261 beatissimo
719 3195 822 3259 Petro
838 3213 898 3279 per
914 3192 1042 3271 fideles,
1058 3203 1094 3262 et
1113 3195 1231 3262 multis
1253 3198 1362 3265 mira-

319 3302 416 3377 culiS,
440 3303 567 3368 uirtute
589 3302 716 3378 diuina,
739 3300 780 3365 od
808 3299 1020 3386 sepulchrum
1041 3302 1138 3380 uisis,
1156 3322 1361 3391 corporeque

320 3409 427 3475 sancti
438 3408 536 3472 Pauli
546 3408 690 3494 deprope
706 3428 780 3472 cum
799 3407 925 3471 honore
935 3406 1047 3473 debito
1061 3411 1227 3495 apposito,
1242 3419 1361 3496 pastor

318 3515 467 3602 quidam,
483 3517 515 3579 in
533 3516 632 3590 valle,
649 3524 749 3601 caput
766 3514 854 3579 beuti
871 3514 967 3578 Pauli
985 3515 1167 3601 integrum,
1181 3515 1359 3585 illesumet

318 3625 413 3710 quasi
432 3623 595 3689 ridentem
619 3624 765 3698 inuenit,
786 3621 1009 3707 odoribusque
1031 3624 1145 3688 nimiis
1169 3624 1361 3690 circumda·

317 3739 400 3797 tum.
420 3733 512 3796 Tunc
522 3739 639 3817 pastor
651 3730 758 3796 dixit:
776 3760 791 3785 a
807 3728 901 3797 Istud
913 3737 1013 3816 caput
1026 3731 1143 3817 optimi
1155 3731 1274 3799 militis
1283 3739 1356 3811 est;

319 3869 333 3893 ι
360 3838 510 3904 deseram
523 3836 602 3902 illud
620 3846 653 3901 et
664 3857 800 3922 gregem
816 3857 924 3901 meum
939 3837 1118 3904 custodiet.
1141 3868 1155 3894 ι
1171 3840 1267 3905 Tunc
1278 3859 1360 3926 pus·

316 3946 501 4012 tordetulit
511 3948 629 4031 caput,
655 3950 689 4008 et
714 3962 774 4028 per
797 3951 867 4009 tres
886 3948 1001 4009 noctes
1021 3948 1055 4009 et
1070 3940 1142 4009 dies
1157 3941 1355 4012 custodiuit.

317 4055 360 4123 Et
370 4054 540 4130 uiderunt,
553 4072 612 4138 per
622 4051 696 4116 illos
712 4050 783 4116 dies
794 4060 865 4119 tres
879 4059 913 4116 et
927 4058 1056 4128 noctes,
1075 4049 1173 4117 multi
1183 4048 1252 4115 illic
1262 4070 1359 4137 prop-
