2970 5430
729 469 888 529 ..19ss-

283 600 364 664 mini
385 598 833 684 quadringentosoctoginta
847 602 881 665 et
903 618 1035 677 nouem,
1054 598 1262 682 Olodouous,
1284 601 1324 669 ll·

282 707 347 771 lius
364 726 456 783 suus,
480 725 620 792 reguum
640 707 847 771 Francorum
872 707 1019 793 suscepit
1033 707 1185 775 uiriliter
1200 708 1321 798 guber-

281 810 440 876 nandum.
458 811 622 897 Siagrius,
644 811 733 876 filius
758 810 881 897 Egidii,
898 832 965 877 non
978 815 1089 900 potuit
1104 819 1230 884 contra
1245 815 1319 884 clo-

281 916 435 996 doueum,
453 924 487 985 et
508 919 582 984 ideo
607 919 746 984 secessit
770 919 804 982 in
832 918 1057 1006 Gascogniam
1081 919 1315 990 adulat-icum

280 1048 402 1113 regem.
432 1026 618 1092 Clodoueus
635 1026 732 1111 petiit
751 1026 854 1090 armis
876 1030 911 1093 et
936 1027 1037 1092 minis
1057 1025 1121 1093 sibi
1137 1016 1314 1097 reddiSio

280 1135 400 1220 guium.
419 1134 481 1208 Qui
508 1153 682 1197 remensus
701 1137 844 1218 negatus
864 1131 939 1211 suit,
957 1138 991 1201 et
1013 1137 1095 1200 tunc
1119 1154 1238 1202 omnes
1251 1135 1312 1203 Ro-

278 1241 381 1316 mani,
400 1239 504 1324 quiin
524 1228 644 1304 Galliis
658 1237 870 1313 habitabant,
885 1259 944 1324 per
955 1238 1160 1316 Clodoueum
1174 1242 1228 1309 ita
1240 1247 1311 1309 suut

279 1345 509 1420 exterminati,
525 1348 563 1410 ut
576 1364 637 1408 nec
649 1364 734 1408 unus
750 1347 863 1429 posset
878 1344 913 1408 in
926 1344 1046 1410 Galliis
1055 1347 1212 1432 reperiri;
1223 1351 1257 1416 et
1269 1346 1310 1415 sic

278 1451 465 1517 Clodoueus
483 1449 574 1515 solus
588 1449 746 1536 regnauit
758 1449 842 1514 liber
857 1469 877 1514 a
894 1449 1022 1518 tributo
1038 1455 1073 1519 et
1087 1450 1309 1522 domnione

189 1611 191 1614 .
226 1576 258 1635 10
278 1577 465 1621 manorum.
574 1577 577 1583 ·
1220 1608 1224 1617 ,

321 1643 456 1728 Mortuo
466 1661 645 1738 Clodoueo,
661 1661 887 1727 Theodericus
898 1683 995 1748 quem
1007 1683 1051 1729 ex
1062 1664 1249 1734 concubina
1260 1685 1305 1754 go

278 1774 400 1834 nuerat
411 1769 567 1854 regnauit
580 1769 699 1846 Metis;
718 1767 927 1834 clodomirus
937 1770 1095 1856 regnauit
1107 1770 1300 1850 Aurelianis.

279 1875 343 1941 luit
364 1875 453 1940 filius
471 1877 586 1961 regine
608 1879 642 1941 et
656 1875 860 1960 xpistianus.
878 1875 983 1941 Pater
997 1874 1107 1942 sancti
1128 1874 1299 1955 modoaldi,
1318 1938 1319 1943 ,

277 1981 523 2067 Childebertus,
537 1981 868 2068 germanuspredicti
879 1981 1074 2061 Clodomiri,
1084 1984 1301 2072 regnauitPa·

277 2090 390 2153 risius.
407 2090 476 2154 Iste
492 2089 608 2154 attulit
620 2089 774 2153 Parisios
791 2089 910 2155 stolam
924 2094 958 2155 et
978 2089 1197 2158 dalmaticam
1208 2089 1300 2159 saneti

276 2195 458 2261 Vincentii.
486 2193 669 2271 Clotarius,
690 2214 805 2259 eorum
821 2215 1002 2280 germanus
1016 2196 1142 2274 iunior,
1159 2194 1299 2285 regnauit

276 2300 476 2366 Suessionis.
507 2300 653 2366 Mortuis
674 2300 893 2378 Theoderico,
913 2299 1105 2368 Clodomiro
1125 2307 1161 2371 et
1181 2298 1298 2372 Chlide·

275 2405 371 2471 berto
386 2407 510 2492 absque
528 2406 719 2486 heredibus,
736 2405 905 2473 Clotarius
921 2406 1013 2474 solus
1031 2410 1204 2496 regnauit.

620 2618 672 2685 De
683 2629 798 2686 sancto
814 2617 962 2688 Erectio.

221 2846 255 2901 20
319 2834 416 2900 Circa
430 2832 492 2899 hec
506 2839 672 2919 tempora,
687 2837 824 2900 sanctus
838 2835 992 2900 Eraclius
1005 2833 1164 2909 fundauit
1177 2853 1295 2906 monus

274 2942 409 3018 terium,
428 2945 463 3006 et
477 2941 554 3025 qnia
570 2940 802 3026 uirginitatem
825 2939 999 3026 diligebat,
1025 2943 1061 3008 in
1080 2943 1208 3013 honoro
1221 2938 1294 3011 beati

274 3047 417 3132 apostoli
432 3051 466 3113 et
482 3046 713 3132 euuangelista
738 3051 771 3112 et
794 3047 939 3133 uirginis
959 3047 1122 3114 Iohannis
1142 3049 1292 3121 fundauit.

274 3153 395 3218 ibidem
412 3153 685 3219 sanctimoniales
704 3153 856 3239 uirgines
877 3156 1074 3240 apponendo
1088 3176 1192 3244 prope
1204 3159 1294 3223 matu

274 3259 599 3326 Sancti-Petri-Viui.
624 3260 890 3326 Permanserunt
908 3280 989 3326 uero
1005 3261 1051 3330 ibi
1077 3261 1295 3332 sanctimonia·

273 3364 322 3430 les
337 3386 442 3450 usque
457 3365 500 3430 ad
518 3371 649 3450 tempus
665 3365 835 3430 cuiusdam
857 3367 1020 3453 prepositi
1035 3373 1153 3438 nostre
1175 3365 1295 3439 maium

274 3470 425 3548 ecc-lesio,
443 3471 499 3556 qui
516 3471 561 3536 ibi
577 3472 737 3557 imposuit
752 3473 932 3538 canonicos
951 3472 1141 3559 regulares.
1253 3530 1255 3535 ,

318 3576 461 3643 Sanctus
471 3578 623 3642 Eraclius
635 3577 777 3657 sobrius
789 3584 902 3645 castus
917 3583 951 3646 et
963 3581 1110 3664 quietus,
1123 3581 1296 3672 migrauits

274 3684 397 3762 secula,
409 3685 570 3750 uiueusin
583 3686 718 3771 Xpisto.
730 3686 887 3771 Sepultus
899 3684 964 3752 fuit
977 3687 1012 3751 in
1021 3685 1292 3768 suomouasterio

273 3797 307 3856 et
322 3789 367 3855 ibi
385 3790 450 3857 luit
467 3811 527 3877 per
541 3792 677 3878 longum
694 3796 838 3877 tempus.
862 3793 987 3860 Postea
1004 3813 1066 3880 per
1079 3796 1172 3881 piam
1193 3797 1295 3863 nostro

220 3912 253 3969 30
272 3900 411 3966 maioris
428 3899 567 3965 ecclesie
583 3899 877 3986 congregationem
893 3898 1083 3967 translatus
1100 3898 1223 3970 fuittad
1235 3916 1297 3969 ms·

249 3991 250 3994 ¹
272 4007 324 4072 ius
345 4007 453 4074 altare
467 4005 770 4091 Sancti-Stephani,
785 4011 820 4072 et
836 4006 965 4091 positus
982 4006 1017 4071 in
1032 4025 1136 4094 capsa
1149 4006 1298 4096 lignosa

273 4115 434 4197 argentea
454 4131 521 4179 una
546 4130 619 4176 cum
645 4114 762 4177 sancto
780 4110 896 4193 Paulo,
915 4111 1022 4178 fratre
1047 4133 1109 4183 suo
1131 4119 1168 4182 et
1183 4128 1297 4182 succes-
