2918 5046
685 434 724 450 ..
741 404 797 466 440
816 436 847 448 -

496 580 541 649 oe
553 578 774 661 conamen,
793 578 836 649 o
852 576 1047 667 omnmo.

296 747 397 817 Anno
425 750 558 817 Domini
580 749 761 817 millesimo
789 750 997 837 octogesimo
1014 752 1154 831 octeno,
1185 748 1280 819 trba·

253 873 318 921 nus
329 854 364 921 11
378 854 490 923 factus
504 860 558 924 est
571 855 725 945 pontifex
748 856 998 938 Romanorum
1016 856 1109 927 cedit
1119 856 1281 925 muitar-

254 958 371 1047 decim,
390 961 734 1051 mensibusquatuor;
751 964 901 1032 cessauit
911 962 1031 1033 diebus
1045 984 1110 1033 sex
1121 962 1280 1035 mam

252 1067 353 1137 Circa
379 1066 442 1137 lrec
467 1074 632 1158 tempora,
649 1069 809 1137 Vrbanus
825 1089 925 1159 papa,
953 1070 1177 1141 consideran
1190 1070 1282 1141 nin·

254 1176 325 1243 rius
345 1168 449 1245 Terre
474 1178 610 1257 Sancte,
634 1180 732 1247 uenit
756 1178 794 1245 in
814 1176 958 1247 Gallias.
984 1178 1039 1249 nd
1062 1178 1280 1250 deserum

254 1282 371 1353 Sancti
385 1284 560 1372 Sepulchri
578 1284 723 1373 xpianos
738 1290 930 1353 commouet
950 1288 1144 1367 uniuersos,
1161 1290 1282 1359 mata!

255 1388 351 1457 milia
362 1390 513 1457 uirorum
528 1390 572 1458 ed
587 1411 684 1459 arma
706 1391 855 1479 collegit,
876 1392 992 1480 eisque
1015 1390 1135 1463 ducem
1154 1390 1284 1481 metm

254 1505 475 1574 Godefridum
492 1507 534 1574 de
547 1507 693 1586 Buillon,
709 1504 827 1574 ducem
847 1508 1098 1597 Lorintlringle,
1114 1528 1158 1577 ex
1173 1528 1283 1599 pem

205 1614 238 1673 ¹0
256 1614 376 1682 Karoli
395 1616 522 1702 magni.
535 1615 618 1683 Cum
635 1616 710 1704 ipso
734 1620 835 1685 erant
847 1616 988 1685 comites
1001 1616 1285 1707 smmi-agnae·

254 1722 400 1791 mundus
422 1728 458 1792 et
471 1723 631 1791 Flaodrie
654 1722 823 1791 Robertus
837 1727 873 1792 et
897 1722 1186 1812 prenomimmdue
1199 1722 1286 1793 illm·

254 1832 320 1899 tris
332 1829 444 1918 Hugo,
462 1828 571 1897 frater
586 1828 734 1918 Philippi
749 1831 841 1917 regis
855 1829 1073 1897 Francorum.
1089 1828 1217 1897 cm
1228 1846 1287 1899 ω·

255 1939 349 2007 nium
361 1938 511 2025 ipsorum
523 1937 559 2002 in
567 1937 692 2024 Xpisto
700 1938 868 2005 commisit
880 1938 1036 2027 episcopo
1044 1934 1218 2005 Podiensi.
1230 1936 1288 2007 s*

257 2064 368 2113 mores
382 2045 468 2112 istos
483 2042 673 2122 audientes,
699 2043 760 2110 ulii
782 2045 946 2131 xpistiuni
959 2064 1004 2112 ex
1017 2042 1287 2133 multisparffiu

258 2154 473 2222 affluxerunt.
514 2153 627 2240 Igitur
658 2171 719 2239 per
754 2150 1085 2241 Constantinopolim
1111 2150 1286 2235 uenientes,

258 2262 367 2329 multa
391 2260 482 2327 mule
496 2279 556 2348 per
569 2278 685 2345 regem
707 2257 865 2325 Aletium
891 2262 972 2326 sunt
986 2256 1154 2345 perplexi,
1172 2260 1288 2325 οίαι

257 2368 376 2435 Grecis
400 2368 583 2435 uictoriose
614 2370 866 2454 pugnauerunt,
893 2369 929 2433 et
955 2364 1082 2433 turrim
1102 2364 1288 2433 nimum

259 2480 432 2563 oeperunt,
451 2478 487 2541 et
512 2472 659 2540 Henrico
686 2471 884 2559 imperatori
906 2469 1084 2540 dederunt.
1100 2468 1290 2561 Danum

259 2582 467 2650 maritimam
495 2580 668 2668 progressi
697 2586 777 2647 sunt
811 2581 847 2645 et
872 2576 1120 2647 habuudstiam
1149 2576 1289 2645 omniu

204 2692 243 2753 20
259 2688 422 2755 bonorum
432 2688 649 2754 inuenerunt.
664 2685 822 2773 Elatique
834 2683 1059 2765 successibus,
1073 2684 1289 2769 nonomine

260 2797 413 2884 cingunt,
429 2793 485 2861 ubi
497 2813 558 2882 per
568 2814 689 2861 nouem
703 2812 836 2859 menses
848 2796 1035 2871 morantes,
1045 2790 1290 2863 oonisdetu*

258 2902 363 2981 tibus,
375 2900 545 2969 humiliati
561 2906 652 2969 sunt.
671 2902 758 2968 Deus
771 2902 934 2969 misertus
943 2898 1090 2971 tradidit
1106 2904 1152 2971 eis
1172 2900 1289 2973 elmu-

260 3014 328 3079 tem
344 3029 419 3078 cum
435 3010 532 3096 copia
546 3006 721 3075 bonorum.

303 3318 386 3385 Cum
403 3316 509 3406 igitur
519 3319 627 3383 totam
652 3311 853 3381 orientalem
874 3309 1010 3397 plagam
1026 3328 1139 3379 rumor
1147 3310 1288 3401 Xpinu·

260 3446 333 3493 rum
356 3428 516 3501 terreret,
537 3432 606 3488 rex
630 3419 816 3507 Babylonio
848 3436 965 3485 eorum
994 3415 1285 3487 miledunum

260 3530 337 3599 dolo
364 3531 477 3619 periit.
507 3529 602 3596 Tunc
622 3528 725 3615 legati
748 3527 957 3591 Francorum
983 3518 1202 3609 Babylonem
1215 3538 1283 3609 μ’·

260 3643 358 3727 gunt,
384 3657 469 3723 quos
498 3634 653 3703 uidentes
688 3634 789 3701 Tucci
824 3652 886 3719 pro
923 3628 1149 3719 pulcritudine
1183 3644 1282 3697 «ΙΙΙ

261 3748 353 3834 ipsos
373 3743 542 3811 decresse
563 3742 741 3830 putabant.
760 3740 887 3809 Postea
904 3757 968 3805 rex
991 3734 1177 3825 Babylonio
1194 3754 1282 3827 put

261 3853 402 3923 consilio
418 3852 627 3919 lheruealem
639 3850 784 3926 obsedit,
800 3854 836 3917 et
851 3848 1016 3927 intrauit;
1035 3853 1073 3916 et
1084 3848 1135 3915 sic
1146 3842 1280 3937 propen‘·

208 3957 242 4016 ³⁰
261 3969 332 4032 tum
348 3960 558 4047 Xpianorum
580 3957 777 4045 impeditum
799 3962 865 4025 est.
884 3956 928 4024 Et
948 3955 1013 4023 hoc
1033 3953 1162 4025 lactum
1172 3954 1278 4033 estat

261 4067 425 4146 creditur,
439 4087 461 4134 a
475 4067 556 4144 Deo,
570 4067 651 4153 quia
670 4085 738 4133 non
761 4064 865 4153 digne
882 4084 945 4133 nec
959 4062 1165 4135 suffitienter
1186 4056 1277 4131 lade·
