2918 5046
705 430 859 487 404..

260 552 321 622 bat
336 556 380 634 ei,
398 555 516 624 uolens
529 574 605 623 enm
621 555 849 623 exterminare
866 576 942 623 cnm
955 555 1118 645 progenie
1131 554 1296 625 Lothurii.

262 661 492 751 congregarit
530 669 611 732 tunc
649 662 758 730 dictus
797 664 895 752 Hugo
932 665 1106 751 episcopos
1145 664 1181 731 in
1219 662 1298 733 urbe

264 771 431 853 Itemensi,
451 773 541 839 inter
556 791 639 858 quos
664 770 729 837 fuit
751 770 906 837 dominns
930 770 1075 837 Seuinus
1096 768 1299 837 Senoneusis

263 898 337 941 cnm
355 876 590 964 suffraganeis,
616 882 651 945 et
675 877 721 943 ibi
744 876 824 944 fecit
843 876 1010 965 deponere
1031 876 1158 945 dictum
1175 874 1300 942 Arnul·

262 984 377 1071 phum,
396 1005 462 1051 non
475 987 707 1054 consentiente
721 986 857 1051 domino
873 986 1010 1052 Seuino.
1029 986 1068 1051 In
1091 984 1166 1051 loco
1188 988 1297 1051 autem

261 1092 326 1169 sui,
341 1089 420 1157 iecit
435 1112 497 1158 rex
510 1112 709 1159 consecrare
732 1094 933 1177 magistrum
948 1090 1165 1168 Gerbertum,
1190 1110 1299 1157 monu-

261 1198 372 1273 ehnm.
402 1198 637 1287 philosophum
661 1204 696 1265 et
723 1200 996 1287 nigromaticum,
1026 1200 1082 1287 qui
1107 1198 1298 1289 pedagogus

259 1304 372 1370 suerat
391 1306 530 1373 Roberti
546 1307 649 1393 regis,
677 1306 739 1372 filii
763 1308 930 1393 Hngonis,
947 1312 982 1375 et
997 1307 1206 1391 Leotherici‚
1226 1312 1299 1394 pout

260 1411 387 1479 dirtnm
422 1412 594 1491 Seuinum,
631 1414 919 1501 archiepiscopum
961 1415 1202 1482 Senonensem.
1230 1414 1299 1481 Rex

211 1531 243 1588 10
261 1520 360 1607 Hugo
372 1520 452 1587 iecit
463 1522 683 1587 Aurelianum
700 1522 905 1589 incarcerari
917 1522 1145 1609 Arnnlphnm,
1163 1524 1299 1591 Romen

261 1648 330 1692 sem
362 1627 662 1715 archiepiscopum,
701 1650 776 1695 cum
817 1636 939 1717 nepote
968 1628 1109 1707 Karolo,
1150 1628 1298 1718 legitimo

260 1732 384 1799 herede
405 1736 514 1820 regni.

302 1842 514 1907 Nuntiantur
551 1841 613 1907 hec
646 1841 827 1910 Benedicto
859 1843 940 1921 vll,
972 1862 1069 1929 pape,
1104 1842 1162 1929 qui
1196 1842 1296 1911 inter·

259 1946 347 2013 dixit
376 1949 559 2034 episcopos,
590 1950 647 2035 qui
675 1950 888 2037 Arnulphum
922 1949 1116 2017 deiecerant
1151 1954 1188 2017 et
1215 1948 1298 2019 ordi·

260 2064 427 2121 nauerant
441 2054 655 2122 Gerbertuni.
670 2056 766 2123 Misit
781 2076 912 2143 qnoque
932 2056 1088 2123 dominus
1112 2076 1202 2145 papa
1215 2056 1297 2123 Leo-

260 2180 336 2225 nem
357 2160 512 2229 abbatem
528 2160 570 2226 ad
592 2161 762 2227 dominum
778 2164 937 2229 Seuinum
953 2162 1243 2251 archiepiscopum
1262 2164 1297 2229 ut

260 2267 334 2331 uice
357 2288 419 2332 sna
443 2268 558 2333 Remis
586 2268 752 2353 synodum
771 2274 995 2357 congregaret
1012 2268 1179 2336 mandans
1195 2268 1245 2336 illi
1263 2270 1298 2337 ut

261 2372 472 2461 Arnnlphum
490 2376 604 2440 Remis
620 2377 818 2441 restitueret
837 2381 871 2442 et
890 2376 1088 2443 Gerbertnm
1105 2376 1294 2464 deponeret:

260 2482 348 2569 quod
371 2482 495 2549 sectum
524 2494 589 2549 est.
608 2485 692 2550 Post
715 2484 777 2550 hec
791 2482 977 2551 Gerbertus
1008 2482 1120 2551 iaetus
1145 2490 1200 2552 est
1222 2502 1297 2571 pou·

205 2586 347 2657 retifex
369 2589 530 2654 Itnuenno
566 2610 626 2677 per
641 2590 801 2657 Octonem
826 2592 882 2669 ΙΙ,
906 2592 1165 2678 imperatorem,
1204 2608 1296 2678 quen

265 2696 408 2763 scientio
424 2695 608 2765 erudierat.
627 2698 856 2785 Defunctoque
873 2700 1056 2767 Benedicto
1068 2700 1234 2767 suecessit
1252 2698 1298 2765 Io·

260 2803 391 2869 Iunones
405 2804 505 2869 XIII.

304 2908 357 2974 nd
384 2909 555 2976 dominnm
577 2912 737 2976 Seuinum
762 2916 985 2979 reuertamur.
1017 2910 1077 2979 Cui
1105 2910 1297 2989 resistebat.

261 3018 477 3084 Itainnardns
494 3038 618 3094 coines,
641 3019 765 3085 timens
791 3017 932 3104 perdere
954 3018 1142 3095 ciuitatem,
1173 3038 1300 3107 negans

259 3125 367 3190 eidem
391 3126 567 3191 introitum
591 3126 751 3189 ciuitatis.
771 3126 855 3192 Erat
881 3124 1045 3213 siquidem
1072 3126 1300 3213 archiepisco-

260 3254 322 3319 pus
346 3233 577 3298 nobilissimus
607 3252 730 3317 genere
756 3248 791 3299 et
812 3232 946 3311 sortior,
969 3241 1085 3300 tamen
1109 3252 1175 3298 non
1198 3234 1300 3299 armis

263 3343 311 3405 uri
327 3342 456 3419 voluit3
475 3340 532 3405 sed
551 3341 707 3405 comitem
723 3342 1029 3407 exeonnnunicauit
1046 3349 1081 3408 et
1096 3340 1299 3427 pronintIeuu

261 3444 439 3511 interdixit
463 3466 484 3509 a
506 3444 661 3511 kalendis
686 3446 834 3511 octobris
856 3469 960 3533 nsque
981 3448 1024 3513 nd
1043 3452 1145 3533 capnt
1170 3446 1298 3513 ieiunii.

261 3554 339 3639 Ipsa
355 3552 498 3639 denique
520 3552 573 3617 die
597 3564 751 3640 receptus
772 3554 836 3621 suit
858 3556 893 3619 in
915 3554 1114 3622 Senonicum
1141 3556 1300 3621 maiorem

209 3680 244 3737 30
260 3661 437 3727 ecelesiaun
453 3682 528 3726 curii
545 3662 693 3726 maximo
709 3662 832 3749 gaudio
854 3662 1042 3729 ethonore.
1067 3660 1160 3728 Idem
1175 3660 1302 3727 archie-

260 3771 415 3859 piscopus
441 3782 515 3835 crat
537 3770 626 3834 tilius
648 3771 775 3835 sororis
791 3770 931 3857 predicti
949 3770 1083 3838 comitis
1100 3766 1299 3846 Rainnardi,

261 3898 428 3966 perquem
445 3878 552 3943 multa
561 3898 681 3963 passus
694 3894 748 3945 cst
757 3879 927 3965 patienter
939 3878 1094 3964 quemuis
1105 3898 1149 3945 ex
1160 3886 1301 3969 paterna

262 3987 439 4073 parentela
454 3984 576 4052 fortior
590 3992 693 4053 esset.
