2970 5430
734 425 870 479 -.16-.

273 554 379 619 irater·
411 553 584 627 Iohannis,
616 552 681 615 ium
702 552 867 635 rnnrtp'rio
901 555 1094 616 coronatus,
1133 551 1174 614 In
1202 538 1315 614 medio

271 658 433 743 siquidem
448 665 634 722 ceterorum
650 653 887 741 Apostolorum
902 656 1056 723 consedit
1072 656 1170 742 uirgo
1186 654 1313 731 Maria,

271 762 468 829 ardentibus
480 761 809 847 lampadibus.Ciroa
821 764 1047 829 uerotertiam
1059 762 1312 837 noctishoram‚

271 871 364 936 uenit
380 869 499 933 ihesus
513 889 587 932 curn
603 867 733 953 angelis
750 874 784 934 et
799 868 944 932 celorum
956 868 1143 935 ordinibus.
1159 867 1316 955 Apostoli

271 980 382 1040 autem
394 973 552 1038 uiderunt
568 974 714 1061 animum
731 974 874 1059 uirginis
884 973 992 1040 Alarie
1004 974 1094 1073 tanti
1107 992 1182 1040 esse
1193 971 1318 1040 cando·

271 1083 331 1158 ris,
344 1087 381 1147 ut
396 1080 488 1145 nulla
498 1080 691 1146 mortalium
702 1081 818 1166 lingua
830 1087 944 1166 posset
954 1079 1316 1166 affari'lresuirgines

271 1208 391 1274 corpus
401 1188 472 1251 eius
484 1187 701 1265 leuauerunt;
713 1186 799 1271 quod
812 1192 910 1252 tanta
920 1187 1077 1254 claritate
1089 1184 1314 1272 resplenduit,

271 1301 309 1361 ut
323 1296 418 1381 tongi
437 1301 561 1380 posset,
582 1294 720 1359 sednon
736 1293 856 1358 uideri.
874 1292 1028 1378 Apostoli
1040 1311 1163 1377 corpus
1179 1309 1315 1357 sucrum

272 1421 372 1486 super
400 1400 561 1465 feretrum
595 1406 792 1485 posuerunt.
835 1399 1005 1464 Iohannes
1041 1397 1188 1484 palmam
1214 1414 1315 1483 quum

220 1521 252 1575 10
272 1506 412 1592 angelus
423 1506 605 1589 reliquerat
617 1504 834 1591 deportabat;
847 1505 969 1570 Petrus
979 1503 1146 1570 etPaulus
1159 1501 1318 1569 ferebant

272 1633 346 1677 cum
364 1611 489 1677 feretro
509 1615 661 1676 sanctum
678 1630 818 1696 corpus;
842 1611 945 1676 ceteri
961 1609 1106 1695 apostoli
1120 1607 1317 1675 referebant

274 1719 414 1784 Domino
444 1716 564 1803 dignas
594 1716 723 1782 laudes,
754 1717 920 1783 Veniente
947 1715 1088 1782 Domino
1112 1715 1215 1780 ihesu
1238 1732 1317 1779 cum

274 1822 489 1891 multitudine
513 1822 728 1908 angelorum,
755 1828 930 1907 assumpta
952 1829 1005 1887 est
1027 1822 1151 1899 Maria,
1165 1822 1265 1907 uirgo
1281 1827 1319 1886 et

274 1935 394 2008 mater,
409 1931 443 1994 in
456 1929 576 2008 celum,
589 1930 785 1996 eternitate
799 1936 851 1994 est
861 1928 1090 2016 superuchoros
1102 1927 1317 2014 angelorum.

318 2143 532 2208 Vestimenta
553 2163 635 2208 uero
663 2144 769 2229 ipsius
797 2143 956 2209 dicuntur
976 2141 1019 2207 ad
1048 2142 1317 2209 consolationem

275 2250 444 2334 uirginum
463 2250 517 2334 qui
536 2270 646 2315 secum
670 2249 850 2316 manebant
863 2256 897 2315 et
912 2249 1060 2341 fidelium
1076 2247 1266 2314 futurorum
1280 2249 1318 2315 in
1340 2273 1342 2276 ·

274 2355 403 2421 tumulo
417 2355 621 2420 remansisse
637 2355 761 2441 absque
778 2357 829 2420 sui
846 2355 997 2440 corporis
1008 2354 1150 2420 visione.

415 2761 416 2764 Ἴ
453 2675 505 2741 De
526 2677 730 2742 etesn'mentis·
745 2678 837 2742 beate
855 2678 961 2743 ,llario
981 2676 1135 2761 uirqinis.

320 2895 366 2959 De
392 2894 459 2962 illis
483 2895 723 2961 sacratissimis
743 2896 956 2961 uestimentis
972 2897 1220 2959 conseruantur
1235 2908 1320 2977 por-

222 3023 256 3082 ‹20
275 3000 425 3066 tiuncule
454 3001 489 3067 in
517 3002 723 3066 monasterio
752 3000 1119 3067 Sancti-Petri-Uiui.
1153 2998 1319 3085 Virgines

276 3108 437 3194 siquidem
453 3085 682 3185 deuotissime,
702 3128 765 3193 que
779 3128 854 3172 curn
869 3127 921 3184 ea,
939 3106 1016 3171 dum
1032 3104 1181 3182 sinebat,
1197 3122 1320 3168 mane-

275 3212 368 3291 bant,
383 3214 423 3280 dc
442 3215 574 3302 capillis
591 3215 696 3301 ipsius
715 3200 774 3279 Dei
794 3215 982 3301 genitricis,
1000 3212 1156 3299 uirginis,
1168 3210 1320 3297 college-

275 3326 354 3385 runt
368 3329 402 3387 et
416 3341 489 3386 cum
512 3323 603 3387 omni
629 3304 821 3387 reuerentia
843 3319 1102 3385 conseruahant.
1125 3317 1175 3384 Ad
1196 3336 1320 3404 prose·

273 3426 437 3510 quendam
457 3431 625 3494 cronicam
643 3436 865 3501 reuertamur.

279 3592 296 3625 0

514 3634 564 3701 Dc
580 3638 675 3706 britto
691 3638 793 3706 Petro
807 3637 910 3706 Rome
925 3657 1066 3705 reuerso.

320 3847 502 3931 Assumpta
516 3846 615 3914 beata
627 3851 737 3917 Maria
751 3854 785 3918 in
800 3853 907 3919 celum
920 3859 954 3919 et
966 3872 1068 3938 super
1081 3851 1202 3918 choros
1215 3871 1319 3938 ange·

277 3953 383 4022 lorum
398 3953 629 4039 sollempniter
638 3958 802 4036 exaltata,
816 3959 934 4026 beatus
946 3960 1069 4024 Petrus
1080 3959 1185 4023 Rome
1198 3957 1315 4033 rediit,

276 4059 403 4125 Paulus
417 4060 451 4124 in
469 4059 632 4138 Gretiam‚
647 4065 681 4128 et
691 4066 794 4129 ceteri
810 4066 852 4130 ad
868 4086 949 4150 opus
963 4061 1315 4150 inceptum,uidelicet
