2918 5046
318 880 356 947 In
372 878 426 945 die
441 878 494 943 sni
507 878 631 957 obitus,
656 885 731 947 toto
750 881 873 947 ciuitas
887 886 922 949 ot
946 880 996 947 illi
1018 880 1059 947 de
1076 876 1291 967 prouintiaqui

272 986 433 1054 aduenire
452 990 635 1074 potuerunt
656 990 691 1053 et
717 989 773 1073 qni
795 988 979 1056 transitum
1016 988 1125 1075 ipsius
1150 986 1290 1058 scierunt,

272 1094 507 1161 ultramodum
520 1094 738 1181 planxerunt,
755 1095 870 1161 clerici
884 1102 919 1163 et
930 1094 1009 1161 laici
1025 1095 1203 1180 utriusque
1211 1110 1292 1159 saxna

270 1207 305 1270 ct
317 1204 473 1289 precipue
488 1201 657 1280 monachi,
673 1203 754 1288 quia
768 1223 826 1269 eos
838 1204 993 1291 precipue
1009 1199 1198 1291 indigebat.

314 1418 451 1505 Sepulto
475 1418 634 1495 Henrico,
658 1417 910 1504 archiepiscopo
926 1422 1044 1484 sancte
1074 1416 1243 1491 memorie,
1265 1412 1291 1479 in

269 1524 416 1611 capitulo
435 1523 778 1601 Sancti-Petri-b'iui‚
803 1524 893 1590 circa
914 1524 1058 1591 mediam
1074 1528 1207 1591 noctem
1218 1520 1291 1587 illins

269 1628 335 1694 diei
362 1648 421 1694 sue
440 1628 624 1714 sepulture,
647 1648 747 1693 uoces
771 1648 839 1693 non
857 1628 1019 1695 mortales
1042 1648 1144 1715 quam
1170 1628 1292 1715 plurima

269 1732 463 1799 dulcissime
491 1732 605 1800 audite
635 1734 776 1802 suntab
806 1738 896 1801 ouini
916 1735 1050 1823 populo,
1085 1736 1195 1823 primo
1219 1736 1292 1801 circa

268 1844 511 1909 monasterium
528 1842 852 1909 Sancti-Petri-Uiui
877 1842 964 1909 etin
987 1841 1109 1929 burgo,
1127 1862 1169 1907 ac
1189 1836 1292 1907 deinde

214 1962 245 2018 ιο
267 1949 358 2013 circa
372 1950 532 2015 maiorem
549 1950 725 2015 ecclesiam
741 1950 904 2015 ciuitatis.
923 1950 966 2015 Et
978 1948 1142 2017 dixerunt
1160 1946 1290 2036 qnidam.

266 2054 353 2141 quod
370 2058 460 2143 pium
476 2063 529 2123 est
544 2057 693 2135 credere,
720 2058 808 2143 quod
824 2056 864 2122 de
881 2056 958 2123 boni
980 2056 1120 2123 Haurici
1148 2058 1291 2124 societate

267 2164 379 2229 anime
391 2162 540 2231 fidelium
556 2162 755 2230 condebant.

310 2468 409 2533 Anno
422 2470 553 2535 Domini
568 2471 747 2536 millesimo
769 2470 953 2537 centesimo
979 2468 1146 2555 nigesimo
1169 2470 1287 2555 quarto.

263 2574 447 2651 tiroaldus,
461 2575 566 2642 abbas
583 2576 914 2653 Sancti-Petri-L'ini,
946 2579 1066 2662 sponte
1094 2574 1233 2639 dimisit.
1256 2570 1288 2637 m

263 2682 318 2746 uir
341 2680 463 2748 nobilis
497 2684 684 2750 Herbcrtus
707 2690 890 2749 coronatus
919 2684 991 2749 loco
1017 2684 1070 2748 sni
1093 2682 1286 2753 sustituitnr,

261 2794 296 2853 et
316 2808 374 2873 per
389 2789 559 2856 dominum
575 2791 757 2855 ilenricnm
778 2788 998 2857 confirmatur
1019 2796 1055 2857 ct
1079 2786 1285 2856 benedicitur.

305 2896 375 2964 Iste
391 2898 557 2964 Henricus
570 2898 732 2965 maiorem
746 2898 925 2965 ecclesiam
939 2915 1107 2963 renouare
1120 2896 1218 2983 capit.
1265 2944 1268 2949 -

305 3116 404 3181 :inno
419 3116 552 3181 Domini
575 3114 754 3179 millesimo
780 3116 964 3181 centesimo
989 3114 1156 3200 nigesimo
1170 3120 1285 3180 octauo.

259 3224 361 3309 ignis,
378 3224 434 3309 qui
449 3222 572 3288 inferni
588 3220 725 3295 dicitur,
745 3222 870 3289 multos
883 3220 1044 3307 depastus
1069 3228 1124 3289 est
1149 3222 1184 3285 in
1198 3233 1286 3307 regno

204 3342 240 3398 to
261 3332 486 3405 I·'rancorun1;
511 3328 569 3395 sed
585 3330 643 3394 Dei
659 3329 785 3415 gratio,
803 3330 995 3415 requientcs
1015 3326 1208 3393 Suessionis
1222 3324 1286 3391 bu·

260 3446 329 3503 tam
345 3438 502 3515 Mariam,
520 3436 741 3503 curabantur.

304 3545 366 3611 lllo
398 3566 499 3623 turino,
528 3544 613 3611 obiit
636 3544 837 3611 Guillelmus
867 3543 993 3631 longua
1025 3548 1162 3628 sponta,
1190 3552 1283 3607 comes

260 3651 429 3717 Flandric.

299 3760 398 3823 Anrm
428 3758 559 3823 Domini
590 3758 769 3824 millesimo
793 3760 978 3825 centesimo
1003 3758 1171 3845 nigesimo
1198 3768 1282 3823 nono.

257 3866 433 3931 sontiatum
451 3866 515 3931 snit
531 3866 706 3933 cerrobinm
726 3866 1031 3933 uallis-Lucensis.

297 3974 532 4041 AnnoDomini
547 3972 726 4039 millesimo
739 3973 924 4039 centesimo
936 3972 1122 4055 tricesimo,
1138 3972 1279 4038 Innocen-

253 4084 321 4147 tius
333 4080 502 4169 prenuluit
514 4086 634 4148 contra
649 4080 755 4147 tilium
771 4082 865 4149 l'ctri
885 4080 1021 4147 Leonis.
