2918 5046
698 512 860 571 -394-

261 640 407 719 mannia,
421 640 607 727 Yspaniam
625 660 700 707 cum
716 640 869 707 exercitu
878 640 1032 709 uastauit
1045 658 1205 727 magnam
1218 658 1291 727 par-

261 750 328 811 tem
353 746 543 823 ciuitatum,
571 751 605 812 et
631 745 678 812 ibi
701 745 872 813 habitauit
900 766 962 834 per
980 745 1172 834 qaindecim
1195 764 1293 813 anuos

260 873 333 920 oum
344 852 530 940 Stephania
541 874 647 919 uxore
662 874 733 919 sua.
751 852 879 919 Uidens
890 852 1035 920 insidias
1046 858 1168 921 contra
1178 852 1290 941 ipsum,

261 960 349 1047 fugit
365 962 438 1026 sine
456 980 561 1027 uxore
575 980 674 1047 quam
701 959 800 1026 duxit
823 961 858 1025 in
873 979 1015 1026 uxorem
1040 978 1104 1027 rex
1127 958 1293 1047 hyspanie

260 1067 395 1133 nomine
409 1066 564 1133 Garoias.
587 1066 743 1134 Posthac
757 1073 870 1134 autem
883 1066 949 1134 iste
960 1064 1162 1155 Radulphus
1176 1062 1293 1133 hurl-

259 1173 349 1239 citur
362 1172 537 1258 aquodam
554 1174 666 1240 uicino
675 1173 783 1241 milite
793 1192 891 1259 quem
902 1171 991 1238 male
1001 1192 1063 1260 per
1072 1170 1292 1261 periniurium

259 1281 502 1369 pertractabat.
522 1281 719 1369 Rodulphus
732 1302 814 1348 uero
831 1287 929 1370 pater
942 1281 1080 1369 Rogerii
1093 1280 1138 1349 ad
1148 1280 1293 1349 Πιθηκ-

260 1388 403 1455 lemiier
416 1389 574 1475 arripuit,
592 1395 711 1476 petens
734 1389 887 1454 Romam.
916 1388 1021 1455 Rome
1036 1388 1171 1455 inuenit
1191 1406 1293 1474 quem·

260 1495 337 1561 dam
363 1496 547 1583 principem
576 1496 710 1583 Apulis,
738 1514 836 1581 quem
864 1494 964 1561 Greci
992 1492 1200 1582 grauabant.
1234 1492 1291 1569 Qui

210 1610 244 1665 10
259 1604 415 1690 princeps
432 1622 544 1668 secum
573 1603 716 1669 retinuit
731 1599 958 1687 Rodulphum,
977 1608 1012 1669 et
1032 1608 1155 1669 contra
1175 1598 1291 1667 um

260 1709 491 1777 obtinuerunt.

566 1876 609 1939 De
622 1872 731 1937 lueri
745 1872 990 1939 Aurelianensi.

305 2031 368 2098 Illo
384 2038 547 2119 tempore,
565 2032 694 2099 heresis
711 2039 832 2099 exorta
849 2030 914 2099 suit
928 2031 1124 2098 Aurelianis
1139 2050 1184 2097 ex
1199 2028 1286 2095 maio

260 2138 353 2204 ribus
369 2140 532 2207 ciuitatis.
561 2140 780 2206 Leothericus
810 2158 892 2205 uero
908 2138 1193 2225 archiepiscopus,
1216 2153 1286 2203 oon-

259 2266 406 2333 gregans
420 2246 465 2311 ibi
477 2246 655 2333 synodum,
667 2246 744 2311 illos
756 2244 1062 2332 condempnauitet
1076 2244 1157 2335 igne
1167 2260 1285 2311 mucre

261 2354 346 2418 mari
360 2351 451 2420 fecit.

569 2530 614 2593 De
632 2538 749 2598 sancto
769 2528 984 2598 Theoderico.

302 2688 387 2756 Post
403 2688 465 2755 hec
482 2695 621 2756 sanctus
639 2689 881 2767 Theudoricus,
897 2688 1158 2756 Aurelianensis
1173 2686 1282 2773 spisso

258 2814 332 2883 pus,
361 2794 555 2879 relinquens
585 2797 828 2881 episcopatum,
862 2798 957 2865 uenit
983 2795 1027 2862 ad
1054 2792 1282 2863 monasterius

207 2910 242 2965 ‘20
256 2900 592 2979 Sancti-PetriUiui,
610 2904 811 2969 renuntians
824 2901 948 2982 seculo;
966 2900 1080 2969 fuerat
1094 2922 1177 2969 uero
1189 2902 1223 2967 iu
1235 2896 1283 2965 illo

259 3009 408 3075 nutritus
425 3014 460 3074 et
474 3008 600 3075 litteris
618 3009 777 3087 imbutus,
797 3016 948 3098 tempore
969 3006 1134 3076 Ruinardi
1150 3004 1282 3077 abbatia·

258 3114 418 3181 auunculi
434 3116 499 3179 sui.
516 3116 718 3181 Permultos
740 3116 813 3181 dies
841 3118 968 3183 mansit
993 3116 1115 3183 uiuens
1141 3112 1283 3203 nangius·

259 3242 333 3287 cum
352 3222 529 3289 monachis
544 3236 579 3289 et
596 3222 751 3289 honeste.
769 3224 853 3291 Post
874 3221 1001 3289 multos
1030 3220 1117 3301 dios,
1146 3216 1281 3289 lieentia.

259 3331 325 3396 iter
336 3332 482 3417 arripuit
498 3328 540 3394 ad
555 3330 716 3407 Romam
733 3339 768 3397 et
788 3330 865 3395 dum
884 3331 963 3407 iret,
981 3330 1077 3399 uenit
1090 3326 1135 3395 ad
1148 3332 1283 3397 mann

259 3435 526 3516 Tornodorense,
540 3443 575 3502 et
588 3434 632 3500 ibi
648 3436 767 3521 plenus
778 3435 964 3503 uirtutibus
976 3434 1078 3503 heato
1091 3434 1160 3501 flue
1170 3428 1284 3523 quieuit

259 3552 356 3608 sexto
373 3541 537 3607 kalendas
552 3541 741 3607 Februarii.
771 3542 891 3609 Comes
913 3540 1005 3607 illius
1029 3542 1137 3610 castri
1152 3554 1284 3608 uonna

258 3650 400 3735 guineus
422 3647 571 3713 eiusdem
596 3650 705 3716 sancti
723 3656 818 3727 erat;
851 3648 962 3735 ipsum
992 3646 1074 3717 fecit
1103 3642 1283 3735 eupolini!

259 3759 465 3824 monasterio
473 3755 793 3824 Sancti-llichaelis.
804 3758 958 3823 Iusserat
971 3754 1061 3821 idem
1073 3760 1284 3825 amulum

258 3886 319 3949 pus
332 3886 429 3929 suum
442 3864 483 3928 ad
503 3864 743 3929 nonasterium
757 3860 1082 3929 Sancti-Patri·Uiui
1090 3858 1225 3937 deferri:
1234 3846 1282 3921 sd

206 3989 241 4044 no
259 3972 340 4038 illud
357 3974 500 4039 retinuit
514 3972 601 4037 idem
614 3992 737 4037 comes.
766 3969 818 4037 Ad
834 3970 1024 4059 sepulcrum
1048 3970 1123 4037 eius
1140 3968 1210 4061 egri
1234 3982 1283 4031 ss·

259 4090 396 4145 uantur.
