2970 5430
723 425 884 482 *316-

323 555 496 622 Adrianus
516 558 580 635 111,
610 558 795 623 Romanus.
817 589 860 602 -
880 552 974 620 Sedit
988 570 1078 618 anno
1089 570 1172 631 uuo,
1191 554 1311 619 menei·

280 660 341 727 bus
363 664 520 749 quinque.
549 661 798 744 hnuo'Domini
827 659 1110 747 octingentesimo
1139 663 1315 749 septuage-

280 771 364 836 simo
389 777 521 849 octauo,
544 772 722 838 constituit
749 791 791 836 ue
814 770 999 856 imperator
1016 768 1266 837 intromitteret
1283 789 1315 835 se

279 873 320 942 de
335 877 498 945 electione
513 879 633 943 summi
653 877 836 965 pontificis.

321 984 512 1071 Stephanus
531 987 574 1064 V,
594 987 778 1052 Romanus.
795 1019 839 1034 -
859 983 953 1050 Sedit
977 983 1076 1049 annis
1100 1001 1175 1062 sex,
1193 982 1317 1050 mensi·

277 1089 339 1155 bus
353 1112 492 1172 nouem;
511 1093 660 1159 cessauit
674 1090 791 1156 diebus
808 1110 880 1156 sex.
899 1091 1005 1157 Istius
1022 1093 1187 1176 tempore,
1211 1089 1318 1156 Turo-

277 1196 356 1273 nici,
375 1204 512 1285 propter
535 1201 690 1265 timorem
715 1198 1030 1266 Northmannorum
1055 1200 1318 1282 asportauerunt

278 1321 398 1388 corpus
431 1304 520 1372 beati
552 1305 692 1372 Martini
731 1302 968 1371 Autissiodoro
1006 1303 1041 1368 in
1074 1304 1317 1380 monasterium

277 1410 582 1480 Sancti-Germani.
600 1412 779 1480 Monachis
804 1417 885 1479 tunc
909 1413 1047 1497 propter
1070 1408 1319 1497 miraculaque

223 1523 255 1583 1⁰
277 1512 404 1582 fiebant
423 1516 650 1604 litigantibus,
678 1520 831 1606 leprosus
855 1518 946 1584 inter
973 1521 1110 1584 sanctos
1130 1516 1318 1584 Martinam

276 1625 310 1688 et
322 1621 525 1688 Germanum
538 1626 669 1711 positus
679 1632 733 1693 est
743 1649 750 1704 ;
762 1630 796 1693 et
811 1630 941 1712 aparte
953 1625 1095 1692 Martini
1110 1629 1269 1705 sanatur,
1285 1628 1319 1693 et

276 1748 342 1794 non
353 1749 374 1794 a
385 1737 482 1816 parte
493 1734 602 1799 sancti
614 1734 785 1800 Germani.
797 1733 890 1797 Tunc
903 1750 1061 1797 reuersus
1071 1735 1199 1818 aparte
1209 1732 1316 1799 sancti

276 1839 418 1905 Martini
430 1841 567 1906 omnino
581 1846 724 1908 sanatur
735 1859 802 1906 non
814 1843 952 1926 propter
961 1837 1198 1924 impotentiam
1208 1837 1317 1905 sancti

275 1945 448 2040 Germani,
463 1945 522 2012 sed
539 1948 619 2034 quia
633 1952 789 2015 sanctum
803 1946 989 2012 Martinam
1008 1942 1214 2012 honorabat.

318 2251 513 2330 Formosus,
530 2253 705 2339 episcopus
720 2249 932 2318 Portuensis.
943 2250 1091 2318 -Sedit
1108 2249 1211 2317 annis
1224 2250 1318 2339 quin·

273 2379 349 2443 que,
372 2357 542 2424 mensibus
559 2379 631 2436 sex,
651 2364 684 2425 et
694 2359 843 2425 cessauit
855 2357 1027 2424 mensibus
1042 2356 1185 2424 duobus.
1203 2356 1317 2425 Reno-

273 2466 368 2532 uauit
389 2485 448 2552 per
474 2466 643 2552 picturam
665 2465 842 2532 ecclesiam
859 2465 1091 2533 Sancti-Petri
1109 2465 1230 2533 Rome.
1253 2464 1317 2533 flio
1376 2531 1380 2534 .

272 2570 453 2658 aliquando
465 2571 507 2638 ob
520 2573 675 2639 timorem
697 2572 860 2638 Iohannis
873 2592 958 2661 pape
970 2574 1201 2661 episcopatum
1216 2571 1316 2641 celin·

273 2697 379 2764 quens
395 2674 508 2764 fugiit,
523 2684 558 2746 et
575 2677 703 2766 [quum]
719 2679 886 2767 perillum
908 2685 1087 2748 reuocatus
1103 2679 1238 2759 fuisset,
1259 2698 1316 2747 no·

220 2800 256 2858 20
273 2785 337 2852 luit
346 2783 469 2851 redire.
482 2785 566 2853 Post
581 2785 678 2853 modo
695 2788 790 2854 uenit
800 2788 835 2853 in
844 2787 974 2854 Gallias
988 2785 1031 2853 ad
1043 2806 1176 2875 papam,
1191 2788 1315 2877 etquie

274 2895 482 2962 sustinuerat
507 2895 900 2974 excommunicationem,
941 2893 1161 2983 degradatur.
1190 2895 1316 2965 Postea

273 3004 435 3081 Martino,
459 3023 652 3069 successore
671 3002 847 3082 Iohannis,
864 3003 1069 3071 restituitur.
1093 3001 1221 3071 Deinde
1237 3008 1315 3091 poet

273 3110 460 3177 Adrianum
475 3116 510 3178 et
530 3110 737 3198 Stephanum
750 3113 794 3190 V,
811 3131 898 3199 papa
917 3109 1061 3179 efficitur
1075 3130 1166 3177 anno
1181 3110 1313 3177 Domini

273 3219 553 3306 octingentesimo
577 3219 785 3306 octogesimo
797 3224 931 3285 octauo.

317 3327 515 3395 Bonesatius
527 3327 571 3406 V,
589 3327 782 3392 Tuscus·
801 3325 896 3393 Sedit
911 3325 1031 3393 diebus
1041 3324 1244 3412 quindecim.

316 3435 506 3521 Stephanus
519 3434 580 3501 VI.
589 3469 633 3484 —
648 3434 820 3500 Romanim
834 3432 910 3502 fuit.
924 3432 1019 3500 Sedit
1030 3451 1120 3499 anno
1131 3453 1209 3516 nno,
1223 3451 1314 3500 men·

274 3538 365 3606 sibus
378 3540 498 3625 tribus,
517 3539 635 3608 diebus
657 3540 785 3618 trihus;
804 3540 954 3607 cessauit
977 3538 1094 3605 diebus
1118 3528 1266 3627 quinque
1280 3544 1315 3608 ot

272 3649 409 3716 uicenti.
425 3651 489 3716 Hie
499 3671 560 3738 por
572 3650 771 3716 Formosum
795 3648 970 3734 episcopus
984 3644 1050 3712 fuit
1063 3646 1243 3733 Auagure3
1257 3642 1315 3713 eod

273 3777 359 3842 papa
370 3754 491 3835 factus,
502 3777 618 3824 omnes
631 3755 863 3853 ordinationes
875 3753 1028 3820 Formosi
1041 3753 1160 3820 irritus
1172 3772 1248 3819 esse
1263 3750 1316 3819 de·

223 3889 256 3947 30
272 3863 391 3930 creuit.
421 3864 580 3950 Fecitque
610 3883 684 3930 eum
709 3882 769 3948 per
799 3861 977 3928 concilium
1004 3865 1250 3948 congregatum
1275 3857 1316 3926 de

270 3973 365 4035 terra
379 3970 485 4048 trahi,
513 3975 548 4038 et
578 3968 708 4036 duobus
741 3967 1130 4056 digitisdextremonue
1145 3964 1316 4034 excisioin

271 4073 417 4141 Tiberim
439 4076 561 4144 iactari
575 4073 667 4155 iecit,
684 4080 720 4144 et
738 4090 814 4143 eum
826 4075 938 4165 papali
953 4080 1055 4145 veste'
1067 4062 1318 4157 ornament
