2970 5430
621 517 625 524 ,
715 456 872 515 -184-

272 588 330 654 sed
354 590 433 665 iam,
450 586 563 654 viriet
578 587 706 673 seipsos
721 592 890 674 regentes,
901 585 1083 653 thesauros
1097 586 1316 669 adamantes,

271 695 402 762 meliori
430 693 528 761 modo
555 713 619 780 qno
641 698 791 780 possent,
821 692 943 759 localia
964 713 1069 759 aurea
1090 698 1125 761 et
1148 699 1318 783 argentea

271 823 345 868 cum
371 801 507 889 optimis
530 799 707 866 mobilibus
733 808 767 866 et
787 798 1013 865 immobilibus
1041 800 1315 887 congregabant,

272 928 388 974 seruos
409 928 487 973 suos
508 906 647 974 diuitias
671 911 918 994 congregantes
944 906 1133 994 diligebant
1156 913 1192 976 et
1219 908 1318 996 ipsos

271 1012 516 1080 custodiebant.
545 1012 721 1080 Subtiliter
748 1033 768 1077 a
794 1012 948 1078 barbaris
981 1032 1102 1079 aurum
1127 1019 1319 1103 extorque·

271 1120 366 1198 bant,
382 1125 416 1187 et
437 1118 579 1185 consilia
593 1139 655 1184 sua
674 1119 715 1185 ab
732 1119 912 1204 externeis
924 1118 1033 1186 modis
1045 1120 1201 1187 omnibus
1215 1123 1318 1191 ince-

272 1227 368 1315 guita
384 1225 565 1292 faciebant.
1141 1215 1146 1223 ’

316 1771 495 1846 Ciuitates,
510 1774 636 1844 castra,
652 1767 751 1832 uillas
773 1771 807 1833 et
829 1763 962 1853 oppida,
979 1766 1166 1834 exercendo
1181 1767 1320 1839 iustitie

273 1878 564 1964 complementum,
593 1874 684 1961 leges
723 1875 1021 1959 institutionesque
1050 1894 1130 1940 suas
1168 1872 1321 1945 firmiter

221 1982 418 2054 10tenendo
440 1983 542 2049 rectis
565 1981 711 2058 iudiciis,
737 1981 884 2047 uiriliter
904 1986 1005 2066 atque
1029 1979 1176 2050 fideliter
1195 1983 1321 2072 guber·

273 2091 412 2158 nabant.
439 2089 625 2174 Principes
655 2086 811 2164 barones,
849 2087 1001 2164 comiteS,
1033 2087 1135 2154 duces
1156 2094 1192 2158 et
1215 2110 1320 2176 paras

273 2199 460 2265 Galliarum
487 2195 638 2262 consiliis
653 2199 687 2260 et
702 2194 863 2280 exemplis
883 2195 1090 2261 Francorum
1110 2196 1146 2262 in
1168 2196 1271 2265 bellis
1282 2204 1320 2267 et

274 2308 308 2372 in
325 2304 455 2372 inditiis
467 2302 662 2370 utebantur.

318 2519 454 2596 Franci,
472 2526 623 2604 tempore
645 2518 750 2603 pacis,
780 2516 909 2581 insulas
936 2515 1130 2585 fluminibus
1152 2521 1319 2593 ineundas

272 2647 333 2714 pro
355 2625 486 2704 auibuS,
503 2645 642 2691 nemora
657 2644 717 2711 pro
734 2622 982 2701 uenationibns,
1007 2624 1221 2696 destruentes
1240 2652 1320 2699 ser-

272 2738 390 2822 pentes
404 2738 439 2799 et
453 2731 605 2798 colubres
617 2752 691 2796 cum
707 2730 795 2817 lupis
815 2736 849 2796 et
863 2731 1019 2816 pessimis
1037 2733 1242 2801 animalibus
1256 2756 1320 2804 ve·

274 2840 475 2925 nenosisque
486 2836 668 2915 vermibus,
687 2837 821 2903 ludendi
839 2843 873 2903 et
891 2836 1060 2922 spatiandi
1076 2841 1201 2925 gratia,
1215 2841 1320 2910 habi·

272 2945 403 3013 tabant.
435 2946 662 3032 'temporeque
696 2944 801 3030 pacis,
834 2948 1011 3030 magnates
1035 2945 1244 3014 Francorum
1282 2955 1340 3033 et,

274 3053 418 3137 antiqui,
447 3049 587 3128 nobiles,
604 3050 730 3116 milites
747 3049 903 3114 conuiuia
918 3050 1149 3138 sollempniter
1162 3054 1319 3125 celebra·

83 3176 85 3186 ’
219 3157 255 3214 ἳθ
275 3161 368 3238 bant,
382 3166 494 3226 vestes
509 3163 544 3225 et
559 3178 661 3244 equos
674 3155 891 3222 inferioribus
906 3157 1111 3237 tribuebant,
1124 3159 1258 3247 plateas
1272 3162 1318 3231 ad

276 3271 510 3334 torneamenta
535 3263 770 3351 assignabant,
792 3265 941 3330 iuniores
961 3264 1126 3332 docebant
1148 3286 1186 3332 se
1210 3271 1318 3336 armis

276 3395 409 3440 armare
426 3379 460 3440 et
475 3372 619 3439 firmiter
637 3374 801 3456 equitare,
827 3376 865 3439 ut
888 3372 1020 3438 labores
1045 3374 1216 3441 exercitus
1235 3396 1320 3463 pos-

276 3487 352 3547 sent
368 3485 403 3546 et
418 3480 544 3546 scirent
558 3480 594 3544 in
613 3477 844 3544 tribulationis
858 3482 1009 3565 tempore
1024 3481 1206 3548 sustinere.
1228 3482 1318 3558 Quid

274 3587 394 3675 plural
411 3589 462 3652 Ex
478 3587 551 3673 ipsa
569 3586 800 3652 illustrissima
813 3585 989 3653 nobilitate
1002 3591 1036 3652 ei
1052 3586 1172 3655 imbuti
1187 3590 1320 3676 princi-

274 3696 328 3781 pio
345 3695 564 3772 continentie,
579 3693 743 3780 processit
754 3693 789 3757 in
801 3691 955 3779 partibus
965 3692 1150 3760 Gallicanis
1157 3694 1320 3784 ingenui·

275 3807 330 3868 tas
345 3799 468 3868 nobilis
484 3805 518 3866 et
533 3799 685 3866 libertas.
