2970 5430
718 461 878 522 -192-

271 701 323 770 De
346 701 590 781 Tteotectitua,
614 701 684 786 filie
702 702 790 786 renis
809 713 842 766 et
863 698 989 786 reqine,
1008 709 1041 768 et
1058 701 1098 768 de
1112 699 1331 786 fundatione

315 813 510 879 monasterii
525 809 850 877 Sencn'·Petri-V1'u1'
864 820 896 875 et
912 808 1023 892 primo
1034 808 1155 877 abbate
1173 807 1320 876 Sancti·

316 919 516 985 Petri-Vim.

316 1141 398 1205 Post
425 1139 486 1203 hec
510 1159 603 1213 uero,
626 1136 879 1213 Theoteebilda,
904 1135 974 1201 filia
995 1138 1099 1222 regis,
1121 1138 1192 1204 Deo
1221 1138 1305 1204 uouit

270 1247 502 1333 uirginitatem
530 1265 630 1330 quam
654 1246 765 1311 tenuit
789 1244 1175 1329 septuagintaquinque
1198 1243 1302 1316 annis,

269 1354 387 1418 viuens
409 1353 578 1437 religiose.
600 1351 681 1428 Que,
707 1352 842 1415 uiuente
858 1356 954 1435 patre
980 1348 1224 1415 adiuuantibus
1240 1367 1305 1413 ma·

270 1463 322 1524 tre
345 1464 380 1524 et
403 1456 578 1534 fratribus,
597 1459 685 1543 cepit
701 1456 857 1522 edificare
878 1460 912 1522 in
929 1459 1014 1534 vico,
1032 1458 1088 1543 qui
1102 1457 1213 1523 Vinus
1229 1456 1305 1523 diei-

270 1568 340 1640 tur,
359 1565 600 1629 monasterium
620 1564 936 1631 Sancti-Petri·Viui
950 1566 1040 1631 cinca
1055 1583 1165 1630 annos
1180 1562 1306 1630 Domini

271 1669 473 1755 quingentos
489 1673 523 1734 et
539 1673 677 1754 septem.
696 1669 847 1755 Regebat
857 1674 938 1736 tune
955 1669 1067 1734 sedem
1082 1668 1308 1756 Apostolicam

220 1779 252 1834 10
272 1775 452 1839 Hormisda
476 1795 573 1860 papa,
597 1781 734 1842 sanetus
758 1775 943 1853 confessor,
967 1782 1002 1843 et
1022 1775 1143 1843 beatus
1159 1774 1309 1841 Eraclius

271 1882 410 1967 regebat
429 1881 603 1946 ecelesiam
618 1882 856 1958 Senonensem,
875 1884 930 1967 qui
944 1888 1026 1950 tunc
1040 1881 1106 1948 fide
1122 1889 1157 1950 et
1167 1882 1307 1958 meritis,

272 1992 310 2051 ut
330 1988 364 2051 in
379 1987 599 2052 Remensibus
617 1987 770 2053 historiis
789 1990 993 2066 continetur,
1009 2009 1070 2074 per
1086 1987 1218 2054 Gallias
1236 2006 1311 2074 pre-

272 2093 451 2179 gaudebat.
468 2093 615 2160 Perfecit
632 2095 804 2160 nominata
817 2097 913 2180 uirgo
929 2093 1311 2160 Theotechildamones·

270 2201 393 2266 terium
404 2201 640 2277 Sancti-Petri,
656 2201 799 2287 primum
809 2201 977 2278 abbatem,
993 2201 1128 2266 nomine
1141 2198 1312 2266 Almaber·

271 2311 356 2383 tum,
383 2309 493 2372 virum
516 2309 584 2372 Deo
609 2307 800 2384 amabilem,
830 2312 983 2373 sanetum
1006 2328 1045 2373 ac
1061 2307 1258 2393 religiosum
1278 2312 1310 2372 et

271 2415 410 2481 floribus
431 2419 594 2503 sapientie
618 2423 652 2484 et
663 2418 872 2504 philosophie
897 2417 1038 2484 multum
1061 2416 1165 2484 ditem
1180 2416 1308 2494 volens,

271 2528 305 2588 et
332 2524 527 2601 instituens,
555 2529 592 2589 ut
621 2523 681 2588 sub
708 2526 781 2609 ipso
813 2525 969 2588 monaehi
1000 2524 1068 2590 Deo
1099 2523 1311 2592 desereireut

272 2630 455 2723 seeundum
489 2650 640 2696 normam
681 2632 912 2697 Leuxonensis
947 2631 1146 2697 monasterii
1175 2628 1310 2719 regule-

273 2756 356 2804 rem.

649 3060 702 3126 De
718 3060 801 3126 duce
815 3058 938 3125 Buseie.

316 3278 499 3346 Debellatis
528 3281 633 3367 igitur
652 3278 839 3345 Clodoueus
864 3298 925 3344 rex
947 3276 1154 3363 principibus
1180 3276 1308 3354 multis,

272 3386 441 3465 Basolum,
456 3386 572 3452 ducem
586 3388 778 3472 Aquitanie‚
794 3388 829 3451 in
842 3406 1011 3482 cancerem
1028 3385 1227 3452 Senonicam
1240 3405 1318 3451 car-

271 3498 418 3575 cerauit3
439 3496 496 3562 sed
515 3497 611 3582 uirgo
628 3494 894 3561 Theotheehildt
910 3492 1063 3579 precibus
1076 3513 1097 3558 a
1111 3497 1208 3580 patre
1222 3491 1311 3559 obti-

272 3605 346 3670 nuit
367 3610 405 3670 ut
420 3626 494 3669 eum
512 3605 546 3668 in
563 3603 768 3669 monasterio
792 3602 1016 3668 Sancti-Petri
1041 3600 1170 3668 faceret
1193 3619 1310 3666 mona-

271 3711 369 3776 ebum
387 3716 613 3776 tunsoratum.
632 3710 675 3775 Et
690 3710 761 3795 ipse
776 3707 844 3773 dux
864 3714 946 3774 tune
962 3708 1169 3774 monasterio
1184 3707 1309 3773 Sancti-

270 3818 465 3884 Petni-Uiui
479 3817 571 3884 dedit
586 3818 807 3896 Mauriaeum,
823 3817 932 3882 uicum
947 3817 982 3881 in
1000 3816 1163 3895 Auernia,
1193 3820 1308 3904 sponte

270 3935 305 3993 et
319 3929 456 4015 propria
472 3928 658 3994 uoluntate.
