2970 5430
719 560 877 619 „300-

279 686 557 767 deuastauerunt,
575 693 610 755 et
631 689 782 763 Saxones
799 710 841 755 ex
862 689 930 755 alia
952 694 1069 777 parte;
1095 686 1155 755 sed
1179 688 1303 765 Franci,

280 794 338 859 Dei
354 795 479 880 gratia,
497 795 750 881 proualuerunt.

323 994 408 1060 Item
444 994 626 1062 Lotharius
652 1014 726 1060 oum
758 994 910 1060 filiosuo
934 992 1108 1060 Ludouioo
1135 994 1305 1081 imperauit

279 1101 377 1165 annis
390 1101 547 1186 quinque.
567 1101 751 1169 Letharius
766 1121 859 1179 vero,
877 1120 966 1167 anno
982 1101 1101 1187 quinto
1114 1098 1245 1166 decimo
1257 1098 1306 1164 iu·

277 1207 361 1294 perii
376 1208 441 1285 sui,
459 1206 569 1273 diuiso
586 1208 676 1274 inter
701 1228 779 1273 suos
793 1207 882 1273 lilios
897 1227 1013 1294 regno,
1031 1206 1247 1273 renuntiauit
1259 1224 1304 1271 se-

277 1313 363 1391 aulo,
381 1320 415 1381 et
429 1321 587 1403 suscepto
604 1315 722 1381 habitu
740 1314 940 1395 monachali,
958 1333 1025 1379 non
1040 1311 1149 1379 multo
1170 1314 1247 1398 post
1258 1310 1305 1378 ob·

275 1418 436 1487 dormiuit
452 1421 486 1485 in
513 1422 665 1487 Domino.
692 1422 739 1486 De
762 1422 857 1487 cuius
881 1421 1006 1498 anima,
1033 1422 1072 1486 ut
1086 1418 1304 1487 historiisro·

275 1529 385 1593 manis
406 1527 543 1614 legitur,
569 1547 693 1614 magna
719 1525 784 1594 suit
809 1528 900 1594 inter
929 1525 1068 1614 angelos
1098 1529 1135 1592 et
1157 1522 1304 1591 demones

274 1634 464 1712 altercatio,
492 1635 542 1701 ita
569 1634 655 1721 quod
685 1634 802 1701 multis
826 1634 1068 1702 assistentibus
1093 1652 1218 1720 eorpus
1252 1628 1304 1697 de·

224 1752 255 1810 10
273 1741 367 1806 trahi
383 1740 578 1819 uidebatur;
598 1740 655 1807 sed
676 1739 834 1806 demones
852 1740 986 1806 demum
1010 1739 1122 1828 fugati
1138 1743 1220 1807 sunt
1241 1756 1305 1803 ruo·

275 1848 393 1913 naohis
410 1849 598 1916 orantibus.

317 2047 415 2110 Anno
431 2045 584 2111 Lotharii
602 2065 702 2124 nono,
719 2052 838 2113 sancta
853 2047 995 2124 Helena,
1012 2044 1231 2114 Constantini
1246 2062 1306 2111 ms·

272 2157 338 2229 ter,
368 2172 389 2217 a
422 2152 530 2218 Roma
555 2152 765 2220 transfertur
787 2154 820 2219 in
853 2154 1049 2234 Frantiam,
1087 2152 1123 2217 iu
1154 2150 1305 2219 Romanu

273 2255 422 2341 dyocesi,
440 2259 475 2323 in
490 2261 697 2326 monasterio
712 2259 753 2326 de
769 2260 977 2338 altovillari,
991 2260 1025 2325 in
1044 2279 1110 2347 qno
1128 2254 1306 2327 honoridoe

272 2370 506 2432 conseruatur.

526 2597 597 2650 BGIL,
622 2598 786 2638 sssaousa'sls
811 2596 1046 2639 submissurus.

301 2740 453 2816 ¹vicesima
467 2768 569 2834 quarta
583 2761 681 2818 tabula
697 2762 825 2836 loquitur
849 2763 884 2819 de
899 2761 1017 2821 domiuo
1033 2761 1135 2837 ligula,
1148 2761 1304 2836 archiepis

271 2864 343 2921 copo
357 2848 530 2918 Senonensi,
545 2860 574 2908 et
586 2851 621 2909 de
638 2852 693 2909 hiis
706 2869 764 2927 qua
774 2854 834 2911 suis
851 2852 1029 2927 temporibus
1042 2860 1219 2910 euenerunt

315 3033 413 3099 Anno
437 3033 478 3098 ab
503 3034 742 3103 Inoarnatione
772 3035 940 3102 dominica
966 3036 1248 3122 octingentesimo
1273 3042 1306 3103 et

219 3143 254 3200 to
272 3141 482 3227 sexagesimo
514 3148 632 3220 sento,
665 3141 819 3209 dominus
847 3143 923 3231 Egil
946 3142 1128 3230 regendam
1161 3142 1305 3231 suscepit

271 3247 445 3312 ecelesiam
474 3249 710 3315 senonensem.
745 3249 857 3315 Abbas
886 3249 950 3316 fuit
981 3250 1182 3316 monasterii
1221 3246 1304 3336 quod

272 3355 411 3420 Prumia
434 3355 557 3423 dicitur
583 3357 616 3422 in
641 3356 777 3442 dyocesi
802 3358 972 3424 Remensi.
1005 3357 1056 3424 Et·
1072 3354 1200 3423 dieitur
1220 3352 1303 3443 quod

270 3463 420 3528 nutritus
436 3460 500 3529 fuit
515 3464 550 3527 in
566 3465 771 3530 monasterio
794 3464 1125 3542 Sancti-Petri·Viui,
1150 3469 1187 3531 et
1200 3464 1304 3552 primo

270 3566 317 3632 ibi
329 3568 530 3649 monachus;
543 3569 583 3635 de
592 3571 809 3648 monasterio,
818 3569 904 3656 quod
917 3570 1056 3635 Prumia
1065 3569 1203 3649 dieitur,
1214 3592 1306 3643 roos·

269 3681 325 3743 tus
350 3675 414 3744 fuit
431 3678 472 3744 ad
491 3680 733 3746 monasterium
758 3678 1050 3766 Flauigniacense.
1079 3679 1164 3748 Post
1186 3680 1228 3748 ob
1247 3692 1305 3749 aus

270 3785 392 3850 merita
411 3790 445 3852 et
459 3787 640 3851 maximam
656 3806 751 3853 suam
771 3785 1000 3854 litteraturam
1021 3807 1061 3853 ao
1084 3788 1190 3855 etiam
1213 3808 1304 3857 auam

270 3892 481 3958 nobilitatem
498 3900 533 3960 et
555 3891 676 3958 bonam
701 3894 1006 3972 consumationem,
1031 3893 1143 3962 iaetus
1171 3900 1226 3964 est
1249 3914 1305 3963 sr-

270 4000 500 4087 ebiepisoopus
513 4000 728 4066 Senonensis.

315 4107 413 4173 Circa
437 4108 499 4173 heo
523 4114 689 4195 tempora,
715 4130 805 4176 anno
824 4111 957 4177 Domini
978 4112 1307 4199 octingentesimum

223 4212 256 4270 30
271 4216 481 4303 sexagesimo
497 4223 606 4296 sexto,
624 4216 716 4286 faeta
731 4225 785 4287 est
796 4220 944 4289 maxima
960 4219 1155 4291 mortalitas
1171 4240 1233 4309 per
1253 4226 1306 4288 to-
