2970 5430
706 455 866 517 ..πο-

268 592 446 661 intrabunt
479 596 556 677 post
585 589 763 657 uictoriam
786 588 841 656 uel
865 586 982 677 fugam
1002 589 1166 705 tentoria¹
1161 588 1296 727 Μαι

270 703 365 769 iussu
380 700 541 788 principis
554 696 609 764 uel
623 698 725 765 etiam
739 697 930 764 senescalli.

313 1131 556 1201 Constantinus
577 1129 638 1206 IV,
656 1127 745 1194 filins
767 1127 996 1196 Constantini.
1020 1162 1068 1183 -
1091 1128 1304 1198 Huius-tem·

269 1260 361 1330 pore,
388 1237 567 1305 Sarraceni
592 1235 743 1302 Siciliam
770 1240 1006 1304 uastauerunt.
1028 1236 1136 1315 Sexta
1162 1234 1304 1323 &nodus

268 1345 596 1433 Constantinopolim
633 1349 753 1410 contra
796 1345 964 1411 hereticos
1000 1342 1209 1411 celebratur.
1243 1342 1304 1411 nn

267 1457 453 1542 imperator
475 1452 675 1530 catholicus,
708 1451 881 1519 modestus
907 1459 943 1520 et
970 1453 1107 1540 sapiens
1132 1450 1213 1521 inite
1229 1450 1304 1521 om

267 1558 436 1626 Arabibus
452 1562 486 1624 et
501 1555 658 1644 Bulgaris
681 1576 797 1643 pacem
818 1556 911 1635 iecit,
926 1556 1087 1624 ecclesias
1102 1574 1166 1645 per
1186 1556 1306 1625 neren-

268 1685 325 1732 cos
341 1664 531 1731 destructas
544 1666 765 1730 restaurauit.

312 1771 375 1838 Illo
391 1776 553 1857 tempore,
576 1768 810 1850 Grimoardns,
827 1770 1306 1861 mammaemammal

218 1881 252 1940 10
267 1874 505 1954 flembomiam,
528 1897 594 1943 nno
616 1875 682 1955 die,
706 1878 822 1944 uolens
843 1897 925 1944 arcu
942 1877 1131 1945 columbam
1144 1878 1304 1958 cumdem,

268 2002 355 2051 vena
370 1982 500 2049 brachii
515 1993 616 2069 rupta
640 1988 705 2050 est.
722 1983 866 2071 Cupiens
892 2003 953 2070 per
975 1981 1126 2051 medicos
1147 1984 1307 2065 sanari,a

269 2090 397 2158 medico
410 2110 539 2156 ueneno
555 2089 733 2157 defunctus
748 2095 813 2158 est.

316 2303 379 2371 Illo
391 2308 555 2391 tempore,
577 2304 724 2370 coniunx
744 2305 835 2391 regis
850 2304 1031 2372 Persarum
1045 2305 1135 2373 clam
1153 2305 1308 2377 conum

270 2410 447 2498 tinopolim
462 2411 557 2478 venit
570 2430 644 2476 cum
659 2411 774 2496 paucis
790 2408 956 2489 fidelibus,
973 2416 1009 2479 et
1022 2410 1307 2500 baptismatum

271 2517 381 2583 noluit
406 2515 447 2583 ad
474 2536 632 2604 sponsum
649 2516 778 2596 redirc;
796 2515 852 2582 sed
881 2536 943 2583 rex
962 2517 1027 2585 hoo
1043 2518 1201 2599 audiens,
1221 2518 1307 2589 uenit
1338 2530 1342 2543 ·

273 2622 315 2690 ad
342 2624 518 2710 coniugem
543 2628 577 2690 et
603 2623 795 2711 baptizetur
821 2644 896 2690 cum
926 2626 1157 2715 quadraginta
1181 2626 1307 2695 milibus

274 2732 460 2800 hominum.

320 2839 384 2905 illo
399 2842 563 2925 tempore,
578 2838 700 2905 ciuitas
717 2838 846 2924 Tycina
858 2840 908 2906 ita
925 2838 1100 2908 destructa
1111 2840 1192 2921 fuit.
1205 2840 1309 2911 utbo-

274 2946 421 3015 minibus
443 2965 504 3032 per
520 2951 652 3012 montes
676 2943 844 3031 fugientes
867 2946 960 3012 intra
974 2944 1091 3013 urbem
1112 2946 1220 3015 berbe
1235 2964 1309 3015 nu·

220 3068 255 3127 ‘20
275 3059 447 3123 cenentur.

320 3160 565 3229 Constantinus
576 3159 618 3226 V.
635 3158 798 3225 -Filius
816 3158 881 3225 fuit
893 3158 1155 3246 predecessoris.
1173 3158 1313 3229 1an-

276 3271 374 3336 theon
389 3268 560 3346 scribitur,
575 3267 711 3333 cronica
730 3267 885 3353 magistri
900 3263 1044 3346 Gofridi,
1059 3264 1149 3352 qnod
1167 3266 1235 3335 iste
1256 3282 1317 3333 ιο-

276 3399 364 3446 neno
387 3384 527 3444 necatus
551 3375 679 3453 saltet
699 3373 878 3452 Eraclona,
903 3391 1001 3440 soror
1021 3371 1241 3443 Constantini
1253 3370 1313 3448 lv,

277 3485 454 3572 imperium
469 3483 661 3569 usurpauit.

322 3589 502 3667 Constans,
520 3587 797 3655 filiusEraclone.
811 3589 995 3654 -Parum
1011 3588 1185 3676 regnauit.

322 3696 534 3763 lastinianus
546 3696 592 3773 11,
611 3695 701 3762 filius
718 3694 935 3763 Constantini
950 3695 1012 3774 IV,
1027 3694 1138 3764 frater
1150 3696 1349 3767 conen-

277 3806 343 3873 tini
362 3804 406 3871 V.
421 3837 467 3854 -
482 3803 663 3871 Contraxit
688 3823 803 3891 pacem
823 3823 898 3870 cum
913 3803 1122 3870 sarrecenis.
1152 3802 1349 3875 Putem,

278 3915 398 3991 bonus,
416 3911 551 4000 largum
567 3911 664 3977 auxit
682 3911 783 3977 nimis
799 3910 977 3997 imperium
1003 3909 1253 3990 Romanorum
1268 3908 1349 3977 io*

280 4042 339 4110 ges
353 4016 524 4098 condidit3
541 4016 699 4086 offitiales
713 4018 961 4087 ecclesiasticos
975 4013 1172 4085 honorauit.
1213 4054 1217 4061 ·
