2918 5046
698 437 840 491 ..42-

269 559 514 646 spopondisset.
529 562 589 627 Cui
603 563 747 629 Petrus:
771 593 785 618 a
802 561 969 628 Grandem
989 581 1060 627 rem
1077 563 1276 647 promisisti.
1292 594 1307 621 ι

268 667 394 732 Tamen
410 688 484 733 cum
500 668 635 748 Petrus,
648 669 690 734 de
704 688 839 736 carcere
854 668 1006 746 eductus,
1021 687 1082 754 pro
1097 689 1136 734 eo
1151 667 1311 739 defuncto

268 781 419 853 orasset,
444 778 603 843 contiuuo
632 777 833 843 resurrexit.
859 778 952 841 Tunc
976 777 1132 863 princeps
1153 783 1188 843 et
1211 777 1310 847 multi

268 881 324 944 alii
343 882 482 947 Domino
504 884 605 949 llresu
629 883 856 959 crediderunt,
878 887 912 948 et
929 883 1111 968 gloriosam
1132 883 1309 950 ecclesiam

267 989 408 1053 Domino
444 990 607 1058 saluatori
644 994 929 1067 construxerunt,
957 1009 1056 1074 quam
1092 988 1309 1057 beatissimus

267 1095 390 1161 Petrus
401 1099 625 1164 consecrauit.
656 1099 695 1163 In
725 1097 865 1162 ecclesie
889 1116 971 1162 uero
994 1095 1116 1174 medio,
1140 1095 1308 1163 excelsam

266 1202 460 1269 cathedram
483 1205 706 1273 Anthlotheni
730 1204 947 1280 collocantes,
973 1202 1113 1269 Petrum
1133 1201 1305 1282 decenter,

266 1327 340 1371 cum
374 1310 466 1375 omni
502 1313 695 1378 reuerentia
725 1317 761 1376 et
789 1310 928 1386 honore,
961 1308 1202 1376 exaltauerunt
1230 1309 1308 1378 lau·

266 1413 386 1481 dantes
414 1418 590 1483 Dominum
616 1419 750 1484 lhesum
778 1417 950 1501 Xpistum.
977 1414 1064 1479 Inibi
1091 1413 1307 1483 beatissimus

213 1523 247 1577 lo
266 1520 388 1587 Petrus
414 1529 541 1610 septem
568 1545 667 1589 annis
694 1524 793 1589 sedit.

555 1937 607 2003 Ile
633 1937 773 2023 Tyberio
796 1938 1007 2021 imperatore.

959 2059 976 2092 0

308 2151 406 2220 Anno
435 2153 476 2219 ab
504 2154 744 2221 incarnatione
777 2154 951 2219 Dominica
975 2174 1058 2230 xxx,
1088 2152 1171 2220 obiit
1193 2151 1304 2239 Tybe-

264 2259 346 2336 rius,
362 2260 589 2326 Romanorum
604 2264 789 2350 imperator
805 2282 812 2325 :
831 2263 884 2326 cui
903 2262 1066 2327 successit
1080 2260 1198 2325 Gaius.

638 2471 688 2536 De
715 2481 822 2537 aaaorte
845 2469 930 2536 Gaii.

308 2686 406 2751 Anno
426 2685 468 2752 ab
487 2688 725 2754 lncarnatione
755 2687 928 2752 Dominica
954 2707 1060 2763 xxxv,
1087 2685 1171 2753 obiit
1196 2685 1302 2753 Gaius

264 2793 447 2878 imperator
461 2816 469 2871 ;
491 2796 543 2859 cui
560 2796 721 2861 successit
735 2794 907 2860 Claudius.

285 3005 337 3072 De
358 3005 453 3072 tereto
473 3005 577 3072 Petro
597 3005 749 3071 reeuieurc
769 3004 871 3071 llonae
889 3004 974 3070 etde
986 3002 1275 3088 quitusdmnoliis.

305 3225 404 3289 Anno
414 3224 665 3292 lucarnationis
678 3224 849 3289 Dominice
861 3222 921 3301 xli,
934 3221 1149 3289 beatissimus
1163 3219 1300 3298 Petrus,

261 3331 475 3416 Anthyochie
490 3333 657 3398 ordinatis
672 3331 912 3398 ecclesiasticis
925 3330 1104 3406 ministris,
1114 3327 1302 3395 catholica·

206 3450 242 3504 ‘20
262 3456 325 3521 que
340 3436 404 3502 fide
419 3438 500 3503 inibi
520 3439 731 3515 confirmata,
749 3458 838 3503 anno
851 3436 996 3503 secundo
1010 3435 1141 3503 Claudii
1154 3436 1302 3522 impera·

262 3544 359 3618 toris,
380 3544 472 3610 uenit
488 3545 629 3611 Romam
646 3595 654 3622 ,
681 3565 756 3610 cum
779 3542 954 3630 discipulis
970 3541 1085 3611 multis
1100 3564 1108 3621 ;
1125 3548 1160 3610 et
1174 3541 1302 3609 Paulus

262 3649 295 3712 in
311 3648 485 3724 Gratiam,
510 3670 582 3716 cum
600 3651 698 3730 aliis;
722 3657 756 3719 et
772 3652 876 3717 ceteri
893 3650 1058 3737 Apostoli,
1076 3670 1135 3738 per
1148 3648 1302 3717 diversas

261 3753 374 3820 muudi
392 3756 559 3834 nationes,
578 3778 696 3823 nomen
714 3759 846 3824 Domini
859 3756 1089 3846 predicabant.
