2970 5430
723 469 881 536 „pnp-

269 605 414 686 quetuor
428 599 610 669 secuudum
634 598 816 685 quosdam
833 597 984 686 sepultus
995 595 1062 669 fuit
1080 594 1170 684 apud
1184 596 1305 684 Aquis·

268 709 461 792 granicum,
489 709 523 773 in
539 706 682 775 ecclesia
707 705 950 786 Beate-Mario,
968 704 1114 791 virginis
1131 708 1167 773 et
1189 704 1305 775 metris

270 813 340 879 Dei.
357 813 482 881 Postea
494 833 575 879 uero
589 810 725 897 quidam
739 811 935 897 imper-ntor,
951 809 1151 881 Fredericue
1161 811 1303 891 nomino,

270 939 390 1005 corpus
405 920 511 1005 ipsius
526 918 676 1004 reposuit
692 918 725 983 in
738 936 873 1002 capsam
886 935 1036 994 auream,
1053 918 1197 1003 gemmis
1208 936 1307 991 orne*

270 1031 352 1103 tam,
383 1029 418 1091 et
445 1044 546 1111 super
575 1024 684 1089 altere
722 1023 955 1095 Beate-Mario
988 1020 1103 1108 posuit
1138 1018 1307 1095 honorau-

271 1128 364 1196 dum.

312 1236 411 1301 Anno
426 1236 557 1301 Domini
573 1235 854 1320 octingentesimo
877 1240 912 1302 et
932 1239 1066 1322 quarto,
1091 1233 1178 1305 obiit
1196 1232 1307 1303 Aloni-

270 1360 346 1417 uus,
369 1341 425 1424 qui
441 1359 555 1425 regem
574 1339 737 1405 Karolum
754 1339 928 1406 docuerat.

314 1446 376 1513 Illo
401 1452 563 1531 tempore,
587 1450 663 1511 erat
687 1444 791 1511 abbas
809 1445 1140 1515 Sancti-Petri-Uiui
1156 1444 1307 1515 dominus

220 1553 253 1611 10
272 1553 526 1631 Berthemarus,
543 1551 723 1618 laudabilis
738 1558 773 1620 et
786 1551 961 1619 honestus.

315 1766 478 1852 Tempore
488 1764 606 1833 Karoli
620 1767 748 1852 magui,
763 1768 831 1832 Leo
840 1767 901 1846 IV,
916 1765 997 1833 fecit
1002 1767 1170 1853 porticum
1178 1766 1308 1841 Sancti-

271 1873 378 1951 Petui,
393 1871 479 1958 quod
492 1874 716 1958 nuncciuitas
732 1874 878 1940 Leuntia
893 1879 1119 1960 nuncupatur.

510 2170 623 2222 PETIWS,
648 2170 810 2209 senonensis
832 2169 1069 2212 nucummscorum

485 2259 665 2309 VILDEBODUS,
685 2258 846 2299 Sunonensis
859 2260 1095 2301 nuculerrscorus.

486 2349 654 2400 BERRARDUS,
676 2348 839 2388 SENONENSIS
859 2349 1094 2391 nncurssrlecoeus.

482 2436 665 2486 unumunurm,
680 2437 841 2477 SRNONENSIS
860 2438 1099 2481 ARGBIRPISCOPUS.

445 2523 563 2564 SANCTUS
583 2524 702 2576 MAGNUS,
725 2525 886 2566 sssuouuusls
902 2525 1142 2571 ucarurlscortss.

308 2686 456 2743 Vicesimn
467 2683 697 2759 tubulaloquitur
710 2686 745 2743 de
758 2687 822 2743 istis
836 2688 1040 2760 suprascriptis
1055 2689 1308 2764 archipresulibus,

274 2774 309 2832 de
319 2775 486 2831 fundatione
501 2773 622 2832 ecclesie
635 2775 917 2841 Sancti-Scluatoris,
945 2786 974 2832 en
988 2774 1024 2833 de
1034 2777 1127 2850 signis
1140 2796 1199 2854 que
1213 2780 1274 2838 soie
1283 2787 1311 2837 et

222 2871 258 2929 20
274 2864 343 2920 lunn
358 2864 421 2920 uisa
432 2865 558 2929 fuerunt,
574 2872 603 2919 et
618 2863 713 2920 adhuc
735 2864 771 2920 de
785 2864 894 2921 Kerolo
906 2881 1023 2937 magno,
1044 2866 1231 2941 imperatore,
1246 2868 1310 2944 quin

274 2954 321 3009 isti
336 2953 382 3009 sui
397 2952 631 3024 contemporanei
646 2952 773 3009 suerunt.

318 3136 480 3201 Dominus
512 3136 635 3202 Petrus
664 3134 804 3219 primus,
835 3134 1310 3220 Wuillebodus‚Ber1-ardus,

275 3240 491 3307 Raimbertus
512 3247 547 3307 et
572 3247 710 3306 sanctus
725 3239 883 3326 Magum,
900 3240 1111 3311 senonenses
1127 3246 1313 3337 archiepis·

274 3348 360 3434 copi,
379 3355 528 3439 tempore
542 3347 661 3412 Karoli
676 3348 804 3433 magni,
823 3347 1049 3415 senonensem
1065 3350 1248 3429 ecclesiam,
1257 3373 1313 3441 gu·

277 3451 474 3519 bernabent.
492 3453 654 3540 Tempore
668 3472 748 3518 vero
769 3451 895 3519 domiui
913 3454 1113 3536 Raimberti‚
1129 3456 1217 3528 obiit
1231 3459 1313 3535 Bere

274 3560 461 3639 thomarus,
489 3561 543 3625 uir
569 3561 760 3649 religiosum
788 3561 891 3627 abbas
918 3561 1249 3635 Sancti-Petri·Uiui.
1272 3564 1313 3633 ut

274 3665 429 3732 dominus
443 3665 681 3749 Frodobeutus‚
700 3668 754 3732 uir
766 3666 956 3747 laudabilis,
979 3670 1129 3758 eligitur,
1153 3677 1190 3743 et
1210 3693 1233 3743 a
1252 3672 1313 3743 do·

273 3773 365 3838 mino
380 3771 588 3838 Raimberto.
604 3772 770 3840 Scribitur
784 3775 870 3860 quod
888 3775 958 3841 illic
971 3777 1007 3842 iu
1023 3778 1153 3848 tumulo
1169 3780 1313 3847 tumule-

275 3886 344 3958 tur,
370 3898 459 3945 anno
480 3878 614 3944 Domini
630 3881 910 3967 octingentesimo
926 3887 961 3950 et
974 3885 1186 3970 quarto‚iste
1203 3887 1313 3967 Ram·

226 4001 259 4059 30
276 3986 405 4055 bertus.

320 4095 443 4162 Eodem
461 4113 562 4171 anno,
580 4093 718 4181 eligitur
732 4101 870 4165 sauctus
889 4099 1048 4188 Magnus,
1067 4105 1104 4170 ei
1123 4101 1159 4167 in
1178 4102 1311 4172 archie-
