2970 5430
703 449 862 502 -212-

274 576 408 642 beatum
421 576 621 662 Gregorium
634 576 743 642 noluit
758 572 948 652 emendare,
965 577 1001 641 et
1017 572 1093 641 idoo
1108 573 1219 676 subito
1230 594 1294 662 per·
1346 574 1348 663 i

275 683 412 759 cutitur,
435 687 469 748 et
485 681 569 748 obiit
587 682 674 747 male
694 685 838 747 uexatus
854 681 888 745 in
907 681 1030 766 capite.

319 897 514 965 Bonefatius
542 899 606 976 ΙΙΙ,
645 903 782 965 sanctus
820 896 1006 975 confessor,
1042 896 1228 963 Romanus.
1262 929 1296 947 -

273 1003 366 1070 Sedit
387 1003 557 1068 mensibus
582 1008 679 1081 oct0;
700 1003 847 1068 cessauit
862 1000 1032 1067 mensibus
1048 999 1177 1079 decem,
1195 999 1295 1067 diebus

274 1131 345 1175 sen.
364 1112 427 1177 Hic
441 1112 619 1177 coustituit
634 1115 672 1176 ut
688 1109 814 1176 nitidus
830 1129 961 1195 pannus
977 1126 1078 1194 super
1094 1107 1205 1177 altare
1217 1127 1297 1197 pone

273 1222 379 1284 retur.

318 1319 515 1388 Bonefatius
541 1323 601 1399 IV,
621 1309 961 1398 sanctus'confessor,
984 1321 1134 1387 Marsus.
1156 1356 1202 1371 -
1220 1316 1297 1388 sdt

273 1430 371 1494 annis
396 1448 468 1505 sex,
501 1426 671 1492 mensibus
696 1447 768 1504 sex,
802 1426 920 1491 diebus
944 1425 1075 1492 duobus
1097 1430 1134 1494 et
1157 1425 1297 1513 uigenti;

272 1534 420 1599 cessauit
446 1532 616 1598 mensibus
642 1537 781 1618 septem,
803 1530 920 1597 diebus
938 1533 1084 1618 quinque
1111 1536 1148 1599 ot
1170 1529 1298 1621 cigenti.

222 1661 255 1718 10
273 1640 427 1727 Optinuit
441 1644 479 1706 ut
492 1639 633 1705 ecclesia
648 1639 737 1705 beati
753 1639 848 1704 Petri
861 1644 962 1724 caput
978 1641 1070 1704 esset
1082 1637 1300 1713 ecclesiarum,

274 1767 352 1812 nam
374 1746 569 1832 patriarcha
585 1745 981 1830 Constantinopolitanus
1004 1764 1040 1810 se
1060 1744 1208 1832 primum
1229 1743 1303 1810 sori-

273 1851 384 1918 bebat.
420 1852 638 1938 Optiuuitque
675 1851 716 1916 ab
742 1852 945 1936 imperatore
966 1850 1054 1917 Foca
1078 1855 1118 1919 ut
1141 1850 1304 1919 Pantheon

273 1957 434 2043 templum
449 1958 663 2024 dedicaretur
685 1959 718 2022 in
736 1958 863 2023 honore
879 1957 976 2022 beate
991 1957 1100 2025 Mario
1119 1962 1156 2027 et
1169 1957 1305 2025 omnium

276 2069 481 2141 sanctorum,
511 2069 546 2130 et
571 2064 750 2130 constituit
776 2062 945 2129 celebrare
962 2064 996 2129 in
1018 2062 1072 2130 die
1094 2063 1308 2132 kalendarum

276 2170 480 2248 nouembris,
508 2175 542 2236 et
569 2170 603 2234 in
632 2170 782 2236 crastino
816 2188 876 2255 pro
909 2169 1039 2237 cunctis
1070 2168 1228 2239 fidelibus
1257 2168 1310 2237 de·

276 2271 415 2340 functis.

318 2383 530 2461 Deus-dedit,
560 2389 697 2450 sanctus
724 2381 910 2461 confessor,
940 2383 1127 2451 Romanus.
1155 2399 1203 2436 -·
1225 2381 1312 2453 sedit

273 2489 372 2554 annis
383 2489 506 2566 tribus,
522 2488 637 2554 diebus
651 2491 779 2576 uigenti
793 2512 800 2569 ;
817 2490 966 2557 cessauit
978 2509 1093 2556 mense
1104 2510 1187 2571 uno,
1201 2488 1314 2559 diebus

274 2596 417 2681 quinque
444 2601 478 2661 et
499 2597 640 2682 uigenti.
667 2598 731 2662 Hic
757 2598 969 2665 oscularetur
992 2597 1177 2686 leprosum,
1202 2600 1316 2669 mum

219 2720 255 2778 20
274 2702 680 2788 mundatusestalepra
766 2792 769 2797 ⁶

318 2806 515 2874 Bouesatius
544 2808 586 2875 V.
605 2844 649 2860 -
670 2809 763 2877 Sedit
792 2812 891 2876 annis
922 2813 1069 2899 quinque
1099 2810 1221 2881 diebus
1247 2816 1318 2883 tre

275 2915 416 2993 decim;
457 2914 607 2982 cessauit
648 2915 820 2982 mensibus
864 2937 944 2996 sex,
987 2916 1105 2984 diebus
1132 2908 1316 2987 'tredecim

276 3021 463 3089 Constituit
491 3027 529 3090 ut
561 3022 654 3087 sures
674 3022 892 3089 ecclesiarum
925 3023 996 3090 sint
1022 3024 1316 3107 excommunicati,

275 3133 310 3194 ct
327 3133 366 3194 ut
385 3134 627 3226 testamentum
647 3128 681 3193 in
697 3126 818 3193 ultima
834 3129 1010 3196 voluntate
1028 3130 1172 3199 valeret.

319 3236 489 3301 Honorius
503 3237 531 3314 I,
546 3236 796 3321 Campanus-
808 3234 902 3301 Sedit
916 3236 1016 3301 annis
1027 3234 1220 3317 duodecim,
1231 3256 1320 3306 mon·

276 3343 368 3408 sibus
386 3343 552 3422 undecim,
573 3341 689 3408 diebus
707 3342 963 3428 septemdecim3
982 3343 1132 3410 cessauit
1145 3342 1319 3411 mensibus

277 3456 417 3535 septem,
435 3451 551 3516 diebus
566 3455 642 3516 octo
657 3455 692 3516 et
713 3449 840 3516 decem.
857 3448 1043 3517 Constituit
1058 3454 1099 3517 ut
1119 3449 1264 3519 sabbato
1279 3449 1320 3519 ad

276 3556 593 3624 Sanctum-Petrum
611 3555 831 3642 procederent
845 3555 983 3622 letanie.
1008 3554 1143 3623 clerum
1155 3556 1319 3637 eruduit,

277 3664 401 3730 multas
416 3664 616 3730 elemosinas
632 3663 721 3743 fecit,
742 3664 901 3729 ecclesias
917 3682 1001 3730 auro
1016 3668 1051 3731 ct
1066 3668 1213 3751 argento
1227 3664 1322 3735 deoc

225 3798 258 3857 30
281 3771 384 3838 rauit.
1269 3846 1272 3851 ,

323 3878 394 3943 Ηοο
429 3883 592 3966 tempore,
628 3880 833 3945 Anastasius
873 3877 1070 3958 monachus,
1111 3880 1168 3966 qui
1202 3900 1323 3973 magus

277 3988 401 4067 fuerat,
427 3988 593 4075 martyrio
617 3993 810 4055 coronatur.
835 3987 964 4073 Corpus
987 3986 1094 4074 ipsius
1117 3985 1160 4053 ab
1187 3987 1322 4057 Eraclio

279 4095 482 4181 imperatore
497 4115 517 4161 a
533 4094 648 4160 Persis
669 4094 825 4182 partibus
846 4094 951 4161 Rome
971 4095 1180 4164 translatum
1202 4101 1259 4167 ost
1278 4094 1322 4165 ad
