2918 5046
703 436 873 499 ΡΜ-

269 572 303 635 et
318 570 439 635 contre
456 567 567 656 ipsum
579 588 724 659 mugnus
738 568 910 639 exercitus
924 564 1096 645 mittitur3
1117 560 1179 631 sed
1200 580 1316 653 μι-

267 674 333 742 luit
345 672 557 743 Meniredne.

311 892 381 959 Iste
396 891 590 960 Alexander
603 894 819 960 cenonizeuit
832 894 986 961 sunctum
999 890 1152 971 cimam.
1167 908 1236 979 quo
1249 886 1313 957 lut

266 994 396 1063 ordinis
410 1000 521 1067 sancti
545 1000 712 1067 Damiani.
731 1000 802 1068 Iste
818 998 1081 1089 condempneuit
1105 996 1195 1067 nm
1207 994 1314 1067 flu

266 1103 492 1174 hereticorum
506 1107 623 1177 libros.
634 1108 781 1177 viterbii
793 1109 939 1177 moritur
951 1112 988 1177 et
998 1104 1179 1195 sepelitur.

309 1322 409 1388 Anno
424 1322 557 1390 Domini
566 1324 746 1391 millesimo
756 1322 986 1391 ducentesimo
997 1326 1135 1409 quarto,
1149 1320 1241 1391 obiit
1252 1318 1314 1389 b

266 1430 378 1494 minus
404 1430 507 1517 [Gilo]
524 1428 679 1511 Cornuti,
696 1432 903 1499 Sunonensis
924 1428 1204 1519 archiepiscopus
1216 1450 1229 1511 ;
1241 1448 1316 1499 fl·

266 1538 371 1605 cessit
381 1536 538 1605 dominus
558 1538 738 1619 Henricus,
754 1558 859 1628 nepos
884 1558 978 1605 suus.
1000 1538 1128 1607 Sancte
1151 1534 1315 1615 m

265 1643 341 1711 Gilo
356 1646 477 1712 maiori
491 1645 631 1713 ecclesie
646 1647 682 1712 in
697 1646 802 1715 choro
816 1646 1018 1715 tumuletur.

216 1798 249 1854 ¹0
428 1842 561 1883 desumus
578 1842 706 1895 CODND'H,
725 1842 891 1899 sunonunels
907 1838 1151 1885 ssfflfll'fflffl·

299 1968 526 2043 Qundrngesime
537 1980 640 2030 octeno
654 1971 753 2029 tnbule
767 1970 896 2045 loquitur
906 1970 943 2029 de
955 1968 1076 2031 domiuo
1095 1968 1231 2031 ssmiles
1243 1968 1311 2031 (h-

264 2059 339 2128 nuti,
352 2058 513 2117 &nonensi
535 2062 752 2135 archiepiscopo
764 2081 771 2127 ;
787 2060 824 2119 de
844 2062 968 2119 summis
979 2058 1186 2135 pendnetem
1200 2060 1312 2137 ὼῑῃ

265 2147 414 2209 Ludouico
430 2158 460 2207 et
475 2150 612 2209 iratribus
626 2153 728 2209 suiset
741 2150 818 2219 liliis3
834 2158 864 2208 et
877 2149 913 2209 de
924 2150 982 2207 hiis
995 2166 1054 2225 qne
1064 2148 1123 2209 ini·
1132 2148 1311 2227 unumst!

263 2250 435 2297 euenerunt.

309 2404 1314 2485 nnnoablnoarnationedominicanillesimoducmfflno

265 2514 543 2601 quinquagesimo
557 2520 692 2601 quarto,
718 2515 875 2583 dominns
896 2514 1066 2581 Henricus
1089 2512 1251 2597 Cornuti.
1269 2512 1315 2585 b·

264 2622 382 2707 gitime
397 2624 537 2700 electus,
552 2642 613 2708 per
626 2624 858 2691 Alexandrum
872 2642 992 2710 papam
1015 2620 1315 2709 quantumuis*

265 2728 310 2794 bii
325 2730 557 2815 confirmatur,
576 2735 611 2798 et
622 2737 854 2809 consecratur,
874 2736 910 2798 et
924 2730 1054 2797 honore
1067 2728 1166 2817 pellis
1176 2728 1315 2801 dem

262 2841 332 2903 tur.
352 2838 477 2905 Eodem
499 2858 601 2916 enno,
632 2858 654 2905 a
679 2840 885 2906 monasterio
908 2834 1312 2929 senen-Petel-uiuip

208 2940 244 2999 ‘20
263 2942 407 3011 barones
418 2944 460 3010 ed
474 2946 636 3011 maiorem
649 2946 825 3013 ecclesiam
837 2943 1003 3025 defertur,
1016 2944 1312 3035 etreeipltuum‘

263 3069 387 3139 magne
396 3053 632 3119 reuerentieet
638 3052 777 3120 honore.
791 3052 861 3121 Iste
869 3050 1038 3119 Henricus
1047 3044 1312 3141 aequmsuituil

261 3159 449 3228 Senonensi
464 3159 581 3228 domos
595 3160 750 3227 Nolonis.

306 3265 405 3332 Anno
422 3266 554 3333 Domini
585 3267 764 3333 millesimo
778 3266 1028 3336 ducentesimo'
1021 3264 1312 3357 quinquenni-s

263 3380 373 3451 sexto,
397 3374 463 3441 luit
479 3373 641 3441 iameset
626 3380 927 3462 t.cnrumtempns

303 3484 403 3548 Anno
419 3483 551 3549 Domini
575 3482 757 3549 millesimo
777 3480 1010 3549 ducentesimo
1029 3414 1309 3571 (cuiusquem-¹

261 3595 394 3666 octauo,
404 3590 489 3657 obiit
505 3590 672 3656 Henricus
686 3588 826 3657 Cornut
801 3594 841 3667 tr,
855 3588 1143 3677 archiepiscopus,
1158 3588 1221 3677 qui
1235 3600 1310 3661 u·

260 3704 316 3764 tra
335 3697 517 3763 usurarios
540 3697 728 3765 sententias
749 3694 1134 3763 excommunicationum
1157 3690 1309 3771 estid·

261 3804 408 3871 uiriliter
418 3824 479 3891 per
488 3803 658 3891 dyocesim
671 3810 774 3887 etper
782 3804 958 3871 ciuitatem
966 3800 1311 3893 procumben-m„

259 3912 377 3980 dicunt
404 3910 554 3998 quidem,
578 3932 709 3979 ueneno
725 3910 954 3997 extinguitur.
980 3910 1065 3989 Iste.
1090 3906 1151 3997 qul
1170 3906 1311 3985 lm

206 4017 239 4075 3⁰
260 4028 335 4086 erat
349 4020 499 4087 Ecclesie
509 4020 698 4099 Gallicane,
717 4024 798 4087 ente
815 4019 927 4085 altere
940 4016 1082 4085 maioris
1096 4014 1246 4099 ecel*
1255 4028 1312 4085 1·

260 4130 398 4217 politur,
414 4134 629 4198 sustentator
643 4146 827 4216 pauperum
843 4130 880 4195 et
891 4132 1038 4195 ametor.
