2970 5430
715 465 871 524 468..

269 594 314 660 tis
329 592 406 659 aliis
427 598 656 681 apparuerunt
674 596 757 662 uiui.
776 596 904 661 lterum
928 602 1085 682 presente
1103 599 1305 686 imperatore

269 705 303 768 et
315 700 442 780 multis,
457 700 710 771 obdormierunt
725 705 758 768 in
774 704 911 790 Xpisto.

313 1030 505 1096 Martianus
521 1049 594 1095 cum
610 1030 804 1099 Valentino.
825 1066 869 1080 -
885 1032 930 1096 De
951 1031 1027 1097 istis
1049 1031 1156 1097 nichil
1172 1032 1310 1100 inuenio

270 1137 443 1224 seriptum,
462 1140 576 1204 tamen
596 1138 631 1202 in
657 1138 847 1224 cathologio
863 1142 1043 1224 ponuntur.

313 1351 482 1417 Maximus
507 1371 581 1416 cum
602 1349 819 1415 lindesia-
843 1349 912 1414 Hec
936 1347 1083 1414 Eudosia
1109 1349 1231 1416 relicta
1248 1349 1313 1418 fuit

269 1459 444 1534 Martiam,
463 1478 561 1544 quam
575 1457 672 1522 duxit
687 1456 869 1532 Maximus,
882 1459 916 1521 et
930 1455 1097 1541 perillam
1114 1455 1310 1542 imperauit.

270 1566 340 1632 Hec
356 1564 476 1632 habuit
495 1585 515 1631 a
532 1562 763 1629 lherosolimis
778 1562 956 1628 cathenam
973 1562 1082 1628 sancti
1099 1563 1207 1629 Petri.

315 1780 390 1845 Hiis
404 1779 622 1865 temporibus
638 1778 747 1845 occiso
763 1778 925 1855 Maxime,
944 1776 1060 1843 Athila
1075 1783 1109 1844 et
1123 1776 1314 1845 Theodori-

271 1907 329 1952 cus
345 1905 442 1973 reges
458 1885 491 1951 vi
504 1885 635 1951 intrant
645 1885 796 1948 Romam.

219 1991 250 2046 ¹0
318 1993 384 2058 lllo
397 1998 559 2078 tempore,
575 2011 634 2055 sex
647 1989 740 2054 milia
756 1991 925 2076 virginum
942 1990 1028 2076 apud
1038 1989 1213 2056 Coloniam
1225 1995 1315 2072 mar·

271 2099 363 2185 tyrio
380 2101 586 2163 coronantur
600 2119 607 2174 ;
624 2103 762 2163 sanctus
776 2097 1114 2183 marterichasius‚
1127 2099 1313 2166 Remorum

272 2205 556 2292 archiepiscopus,
575 2203 777 2271 trucidatur.
793 2206 886 2270 Tunc
899 2204 1002 2271 multe
1017 2205 1221 2272 ciuitatesin
1234 2206 1314 2274 Gal·

272 2308 550 2375 liisaWandalis
566 2315 645 2377 sunt
658 2309 843 2377 destructe.
947 2404 951 2414 '

317 2523 384 2588 Leo
399 2524 426 2589 I.
443 2523 561 2588 -lllo
585 2527 747 2608 tempore,
764 2523 827 2590 fuit
854 2525 982 2589 heresis
1004 2523 1250 2610 Atephalorum
1276 2527 1312 2593 in

271 2630 412 2697 concilio
437 2629 688 2696 Calcedoniensi
713 2629 969 2715 condempnata.
1000 2633 1069 2697 Iste
1102 2631 1171 2697 Leo
1193 2652 1311 2700 omnes

271 2738 449 2823 ymagines
476 2738 580 2802 Rome
611 2736 937 2823 Constantinopolim
968 2737 1131 2823 portauit,
1160 2743 1195 2805 et
1233 2740 1312 2826 igne

272 2843 432 2910 incendit.
449 2843 615 2928 Helyseus
638 2842 847 2908 transfertur
867 2843 1109 2909 Alexandriam
1130 2849 1166 2910 et
1189 2865 1311 2932 corpus

272 2954 380 3020 sancti
404 2953 509 3018 Marci
539 2952 713 3017 Uenesias.
756 2949 882 3017 Contra
908 2953 1010 3017 istum
1036 2951 1249 3038 Augustulus
1277 2957 1312 3018 et

272 3067 392 3128 contra
417 3058 643 3147 Augustulum
684 3055 857 3122 Edonaser
892 3058 1068 3143 imperium
1092 3059 1308 3127 inuaserant.

218 3269 253 3324 ‘20
317 3273 381 3339 lllo
399 3279 560 3358 tempore,
579 3271 696 3339 beatus
715 3275 945 3351 Memmertus,
968 3275 1171 3341 Uiennensis
1187 3277 1312 3363 episeo-

272 3400 346 3465 pus,
363 3379 570 3465 Rogationes
594 3382 673 3443 ante
700 3380 940 3445 Ascensionem
965 3382 1097 3447 Domini
1124 3383 1311 3461 instituit;

272 3488 430 3573 Prosper,
447 3487 535 3551 beati
553 3488 676 3550 Leonis
695 3487 860 3565 notarius,
878 3490 1064 3575 episcopus,
1083 3489 1219 3556 claruit.

318 3702 389 3768 Hoc
402 3708 562 3787 tempore,
578 3701 798 3788 Agimondus,
816 3723 877 3768 rex
893 3702 1205 3790 Langobardorum,
1221 3704 1316 3770 inue-

273 3809 325 3874 nit
357 3808 502 3874 insonte
526 3812 652 3893 septem
688 3829 809 3894 pueros
849 3830 932 3895 quos
973 3809 1114 3896 quedam
1148 3811 1314 3878 meretrix

273 3915 472 4002 proiecerat.
498 3913 626 3978 Videns
656 3934 713 3980 eos
745 3935 806 3980 rex
831 3916 864 3980 in
893 3914 1003 3994 fonte,
1034 3916 1187 3982 lanceam
1211 3935 1313 4003 quarn

157 4045 163 4056 ⁴
273 4019 430 4109 gestabat
456 4021 568 4106 posuit
591 4018 633 4084 ad
660 4041 794 4106 pueros,
823 4028 857 4088 et
885 4023 1020 4109 quidam
1041 4044 1084 4089 ex
1107 4025 1157 4089 eis
1177 4023 1312 4091 hastam

273 4147 375 4194 manu
395 4127 506 4194 tenuit
543 4130 577 4193 et
598 4127 647 4192 sio
670 4146 731 4192 rex
751 4147 825 4193 eum
850 4131 999 4197 astraxit
1018 4135 1053 4200 et
1067 4130 1193 4197 nutriri
1213 4128 1312 4210 iecit;
