2918 5046
680 435 716 449 -·
734 406 840 463 442—

260 558 380 620 uerant
417 556 519 619 Deum
546 552 718 640 Xpistiani
750 572 812 639 pro
834 551 928 618 lucro
948 550 1180 639 Anthyochie.
1206 552 1292 619 Tunc

259 660 356 725 multi
377 660 550 746 Xpistiani
571 660 659 725 same
673 660 859 745 perierunt,
884 658 1124 727 benedicentes
1144 660 1245 727 Deum
1260 660 1291 727 in

260 765 427 845 aduersis,
444 766 531 852 quod
548 768 582 831 in
599 764 752 832 uictoriis
767 785 835 831 non
849 764 1111 835 benefecerunt.

302 1186 498 1273 Respitiens
517 1192 630 1254 autem
648 1189 810 1254 Dominus
826 1186 1054 1255 humilitatem
1071 1206 1223 1265 suorum,
1248 1186 1294 1253 cis

256 1313 317 1381 per
326 1293 568 1360 reuelationem
579 1296 766 1381 angelicam
775 1316 834 1361 sue
851 1294 1191 1361 Passionislnuceam
1202 1294 1295 1359 inue-

256 1402 331 1467 nire
349 1399 454 1466 dedit.
476 1400 578 1466 Cuius
599 1402 728 1469 uirtute
749 1400 921 1487 Xpistiani
946 1397 1078 1476 confisi,
1094 1398 1295 1465 &moeros

256 1510 447 1585 uincerunt,
466 1513 502 1573 et
513 1508 639 1574 multas
653 1510 812 1575 ciuitates
824 1511 1004 1595 ceperunt;
1022 1504 1145 1571 deinde
1162 1502 1206 1573 ad
1220 1504 1295 1573 iha-

256 1618 403 1681 rusalem
415 1621 592 1683 venerunt.
611 1617 656 1683 Et
667 1636 766 1702 quam
783 1617 817 1681 ui
829 1634 949 1703 capere
963 1634 1031 1681 non
1047 1618 1219 1701 poterant,
1238 1610 1296 1679 bo·

257 1740 376 1787 norum
388 1720 505 1787 habito
517 1722 671 1799 consilio,
682 1724 854 1810 Xpistum‚
867 1724 1069 1811 magistrum
1078 1720 1294 1800 humititatis,

209 1827 241 1884 ¹0
256 1827 441 1909 imitantes,
455 1826 555 1893 nudis
572 1827 711 1914 pedibus
726 1850 799 1895 eam
813 1830 1029 1909 circuierunt,
1048 1831 1084 1895 et
1099 1826 1233 1915 dieque
1245 1824 1296 1893 di-

256 1934 346 1999 citur
360 1934 488 1999 Diuisio
508 1934 760 2022 Apostolorum,
778 1938 951 2024 Xpistiani
977 1934 1154 2001 ciuitatem
1178 1931 1295 2001 lhen·

257 2040 362 2106 salem
373 2041 573 2108 miraculose
586 2048 759 2129 ceperunt.
774 2044 921 2131 Sanguis
932 2060 1015 2108 uero
1029 2039 1181 2109 hostium
1198 2040 1295 2107 inun-

257 2144 359 2212 dabat
374 2147 534 2233 usquead
550 2168 661 2235 genua
673 2169 846 2235 equorum.

303 2448 387 2515 Post
400 2448 463 2515 hec
475 2451 707 2517 ammirandus
721 2451 907 2537 Babylonis
924 2450 1046 2517 bellum
1060 2452 1183 2519 contra
1195 2448 1295 2537 Χρὴ·

260 2557 374 2624 tianos
388 2558 586 2637 committit;
602 2559 660 2626 sed
670 2561 729 2625 Dei
741 2560 854 2647 gratia
863 2557 1018 2625 deuictus
1026 2562 1094 2637 ost,
1106 2562 1142 2627 et
1155 2556 1294 2625 amicita

261 2664 332 2729 suis
346 2668 481 2731 centum
497 2666 592 2731 milia
607 2667 756 2753 equitum
775 2670 810 2732 et
825 2665 987 2753 peditum.
1007 2666 1225 2733 Tercentum
1238 2662 1295 2731 mi·

258 2772 304 2841 iia
317 2771 489 2859 sugerunt,
509 2794 527 2839 e
544 2774 664 2860 quibus
679 2796 759 2863 pars
773 2774 882 2839 maior
892 2772 1006 2860 periit.

301 2988 446 3055 Peracta
473 2988 581 3075 igitur
608 2988 764 3065 uictoria,
781 3006 938 3073 proceres
964 2983 1006 3052 ad
1022 3004 1085 3052 sua
1099 2984 1295 3073 propriara-

256 3102 436 3173 uenerunt,
449 3102 485 3163 et
498 3095 702 3161 Godeiridus
721 3096 929 3161 iherusalem
946 3094 1050 3173 rexit,
1069 3099 1104 3163 et
1118 3110 1295 3183 murno·

203 3205 239 3261 ‘20
257 3204 327 3270 suit
340 3203 431 3270 inter
442 3202 625 3269 Alemanos
645 3208 679 3269 et
691 3204 874 3269 Romanos.

300 3422 399 3487 Anno
417 3422 549 3486 Domini
567 3419 745 3485 millesimo
761 3418 1009 3507 septuagesimo
1023 3416 1156 3503 quinto,
1175 3412 1292 3485 sunda·

256 3532 327 3593 tum
341 3524 405 3593 suit
420 3528 662 3593 iloiirnonense
670 3526 923 3605 monasterium,
937 3524 973 3589 in
982 3522 1160 3589 territorio
1170 3518 1292 3591 Sancti·

257 3634 458 3712 Petri-Uiui,
476 3654 579 3721 prope
596 3635 711 3700 uillam
727 3632 767 3697 de
781 3632 930 3709 Riciaco‚
948 3634 1173 3717 persanotum
1187 3628 1290 3695 uim

258 3740 443 3809 Robertum
466 3741 679 3819 monachum,
698 3742 753 3827 qui
770 3744 889 3825 postea
911 3738 1024 3805 album
1038 3735 1192 3803 habitum
1206 3732 1291 3801 αωὶ·

257 3852 365 3940 piens,
383 3852 652 3935 cysterciensem
676 3848 826 3915 ordinem
842 3846 993 3913 instituit
1008 3841 1290 3927 secundumrcgn·

258 3960 324 4025 lam
341 3958 451 4025 sancti
469 3956 642 4023 Benedicti
659 3976 748 4023 anno
762 3951 1079 4021 Dominimiliesimo
1093 3948 1290 4039 ootoguimo

259 4072 295 4135 ot
309 4068 430 4137 tertio:
453 4066 594 4133 Versus.
