2918 5046
707 445 849 503 ..18-

296 573 391 643 lingo.
818 569 984 627 Gauii-idus.

294 661 449 718 [lobertus.
817 661 938 733 symon.

294 751 433 807 Thomas.
818 747 951 807 Iacobus.

260 928 330 994 Heo
346 931 426 992 sunt
443 924 580 990 nomina
599 924 845 1007 Imperatorum
869 923 1096 989 Romanorum
1112 929 1300 1015 atompora

406 1033 609 1100 Nativitatis
629 1031 760 1097 Domini
773 1030 891 1096 Nostri
908 1029 1009 1096 ihesu
1024 1032 1152 1119 Xpisti.

259 1210 432 1267 Ottouianus
462 1240 492 1249 -
506 1207 601 1280 Ipsius
614 1215 743 1280 tompore
758 1215 899 1262 natusest
910 1206 1053 1265 Dominus
1065 1218 1164 1267 noster
1178 1209 1298 1270 ihesus·

294 1300 434 1374 Xpistus.

257 1390 408 1463 Tyberius.
430 1389 531 1444 Gaius.
552 1386 698 1443 Claudius.
718 1417 752 1429 -
771 1386 866 1443 Huius
892 1393 1021 1459 tempore
1041 1386 1164 1458 Claudii,
1193 1389 1298 1451 Petrus

293 1481 373 1535 uenit
384 1479 486 1535 Rome.

206 1570 238 1625 10
258 1569 345 1636 Nero,
362 1569 474 1641 primus
488 1577 679 1640 persequutor
692 1567 913 1639 xpistiunorum.

257 1660 338 1715 (leto.
350 1659 460 1715 Gabba.
476 1657 624 1713 vicellius.
638 1656 750 1713 Tullus.
763 1689 799 1699 -
815 1656 861 1711 Hii
877 1663 1001 1730 quatuor
1023 1656 1143 1714 insimul
1171 1658 1297 1732 impera-

294 1758 413 1812 nerunt;
430 1748 532 1804 Tullus
547 1747 719 1819 superuixit.

258 1840 452 1911 Vapasianus.
467 1869 486 1879 -
497 1869 502 1878 ·
515 1836 756 1906 Finirnrregnum
770 1834 936 1892 Iudeorum.

257 1930 360 2002 Tytus,
380 1928 467 1992 lilius,
480 1926 641 1982 destructor
655 1925 821 1982 iudeorum.

258 2019 453 2081 Domitianus,
470 2026 661 2089 persequutor
672 2016 891 2089 xpistianorum.

258 2109 367 2173 Nerua,
383 2115 516 2162 sarmium
532 2103 694 2161 Iohannem
709 2103 942 2173 Euuangelistam
954 2105 1103 2162 reuocauit
1114 2105 1151 2162 ab
1162 2107 1259 2165 axilio.

257 2198 410 2261 Traianus,
423 2196 522 2251 tertius
535 2203 702 2266 persecutor
717 2194 941 2266 xpistisnorum.

258 2286 415 2352 Adrianus,
428 2293 604 2357 persecutor,
621 2283 671 2340 sed
687 2293 785 2356 postea
799 2284 903 2339 bonus.

258 2376 360 2432 Delius
376 2393 394 2442 r,
409 2390 508 2446 parum
522 2374 602 2430 vixit.

204 2468 239 2523 ‘20
261 2465 427 2521 Andronius
442 2480 508 2519 oum
520 2463 586 2519 siliis
602 2463 721 2519 Aurelio
733 2472 761 2518 et
775 2462 867 2519 Lutio.

259 2553 585 2610 Moechus-Anthonini.

257 2641 442 2699 Commodus.

260 2731 361 2788 Helius
375 2730 519 2787 Pertinax.

260 2819 349 2878 lulius
364 2838 431 2877 eum
445 2821 562 2876 Seuero.
579 2820 705 2876 Souerrm
720 2821 892 2891 superuixit.

261 2911 429 2969 Anthonius
445 2910 554 2967 Aurelii
568 2927 633 2966 eum
651 2909 769 2967 Maroho
783 2912 832 2986 qui
845 2914 1015 2986 superuixit.

261 3002 426 3058 Alexander
438 3018 504 3057 curn
521 2999 645 3056 llatrino
656 3001 706 3073 qui
721 3003 890 3073 superuixit.

261 3093 447 3158 Maximinus,
458 3100 624 3165 perseeutor
636 3089 770 3147 Ecclesia.

258 3183 431 3240 Gordianus.

260 3272 412 3346 Philippus
426 3283 455 3329 et
466 3272 543 3329 lilius
562 3288 634 3328 suus
649 3270 812 3345 Philippus,
830 3275 963 3347 xpistiani
978 3274 1055 3331 boni.

206 3361 241 3419 ³0
260 3360 360 3419 Delius
376 3363 424 3435 qui
436 3362 542 3417 multos
558 3361 623 3417 iecit
638 3359 735 3417 beatos
751 3370 903 3434 martyres.

259 3454 359 3510 Gallus
373 3469 439 3508 cum
452 3451 611 3519 Uoluseno,
624 3450 692 3517 filio,
706 3451 754 3524 qui
771 3453 940 3524 superuixit.

261 3541 441 3607 Valerianus,
452 3550 628 3614 persecutor,
645 3558 712 3598 eum
724 3540 857 3608 Galiono,
873 3542 940 3598 lilio.

258 3632 406 3699 Gadanus,
418 3633 448 3688 in
464 3630 522 3688 fine
536 3631 641 3699 bonus,
653 3647 754 3703 paoem
767 3631 889 3690 reddidit
908 3633 1043 3691 Ecclesia.

256 3721 403 3779 Claudius.

258 3813 443 3880 Aurelianus,
460 3813 566 3870 multos
579 3812 679 3869 beatos
688 3822 831 3886 martyres
842 3812 917 3869 lecit.

258 3902 383 3959 Tacitus.
401 3903 560 3958 Florianus.
577 3900 699 3957 Probus.
718 3901 813 3957 Karns
830 3918 897 3958 oum
913 3901 988 3958 liliis.

260 3991 464 4048 Diocletianus.
483 3991 688 4048 Maximianus.
707 4022 737 4031 -
754 3989 1092 4050 Sanctum-Maenadum.

256 4081 451 4138 Constantius.
461 4079 603 4137 Galerius.
616 4078 1295 4143 uicinius.Valerius-Sanctumvlnesndum.

256 4172 382 4230 &uerus
398 4187 464 4228 eum
479 4169 656 4227 Constantio.
