2918 5046
317 740 357 805 In
381 738 454 825 ipso
471 758 572 817 anno,
590 736 786 825 pacificatus
802 744 855 807 est
871 760 932 806 rex
952 760 1027 807 cum
1036 737 1181 821 Octone;
1198 736 1290 807 dedit·

271 847 518 931 queei,contra
528 846 737 911 uoluntatem
746 845 1011 932 Hugonisducis,
1021 847 1286 935 Lorinthinginm,

271 974 334 1038 que
360 952 470 1018 adhuc
496 953 636 1039 imperio
663 952 815 1018 coniaoet
839 954 1080 1021 Romanorum.
1106 953 1287 1041 Parumport

269 1058 354 1126 obiit
379 1059 563 1127 Locharius
589 1060 656 1124 iam
671 1077 787 1137 senex,
812 1065 847 1126 et
872 1058 962 1127 filius
988 1081 1083 1139 snus,
1101 1058 1284 1139 Ludouiem,

269 1166 414 1243 iuuenis,
432 1167 607 1233 successit.

311 1270 503 1338 Ludouicus
533 1272 592 1338 1v.
623 1312 664 1325 -
694 1272 823 1340 Unctus
845 1278 898 1339 est
921 1274 956 1339 in
1000 1294 1117 1362 regem
1155 1274 1283 1341 Franco·

266 1398 353 1445 rum.

310 1486 372 1552 Illo
400 1490 566 1571 tempore,
594 1484 811 1551 Ruinnurdus
842 1484 1075 1555 Sancti-Petri
1099 1486 1282 1555 restaurarit

265 1594 451 1659 claustrum
468 1614 543 1659 cum
554 1592 709 1657 domibus
721 1597 756 1660 et
770 1594 877 1659 muris
888 1599 923 1661 et
940 1594 1282 1664 monasteriumuder·

212 1718 244 1773 ιο
264 1698 702 1775 tructioneArchombaudi;
713 1698 921 1786 redemitque
934 1704 1166 1787 possessiones
1174 1698 1281 1769 cenobii

264 1806 459 1891 dissipatas.
475 1808 569 1871 Tunc
581 1806 738 1891 apposuit
760 1806 804 1871 ibi
821 1808 945 1875 multos
970 1809 1167 1888 monachos,
1189 1806 1281 1895 equi·

211 1976 214 1981 .
262 1913 324 1979 bus
339 1914 435 1979 multi
451 1922 549 1979 erant
573 1914 717 1979 litterati
738 1920 773 1979 et
791 1914 995 2002 philosophi.
1018 1916 1085 1983 Per
1099 1936 1182 2005 quos
1196 1912 1279 1981 initu

262 2024 468 2089 monasterio
479 2020 659 2087 secundum
669 2022 819 2108 regulam
829 2020 919 2088 beati
928 2022 1103 2091 Benedicti
1112 2018 1278 2107 fuitreliff'o

263 2130 459 2195 reformata.
476 2130 619 2215 Fuitque
635 2129 716 2195 illud
728 2132 972 2197 monasterium
987 2130 1155 2197 famosum
1169 2129 1277 2195 illone

263 2237 359 2303 bonis
383 2236 541 2323 operibus
563 2242 598 2303 et
629 2236 857 2321 sequentium,
887 2238 1085 2323 meritisque
1109 2242 1277 2303 sanctum

264 2349 453 2427 martyrum
479 2340 667 2416 Suuinioni,
693 2342 900 2421 Potentiuni,
922 2342 1030 2409 Altini
1052 2340 1210 2415 Serotini,
1228 2334 1278 2403 e>

262 2447 552 2525 daldi‚Victorini,
569 2448 691 2513 Felicis
712 2455 746 2514 et
761 2448 903 2515 Auberti
922 2454 956 2515 et
970 2452 1148 2515 santorum
1169 2440 1278 2513 contu·

262 2575 375 2621 sorum
403 2553 561 2631 Ebbonis,
581 2554 743 2632 Ursicini,
762 2556 904 2641 Agrion,
922 2556 1107 2634 Ambrosii,
1130 2548 1277 2623 nmmum

259 2670 294 2728 et
307 2660 471 2737 Austasii
484 2660 727 2726 Senonensium
743 2660 1084 2748 archiepiscoporum,
1097 2668 1277 2729 sancum

205 2800 241 2857 20
260 2791 322 2857 que
335 2769 518 2855 uirginum,
536 2768 639 2833 Beate
652 2769 827 2853 martyris,
841 2767 1057 2835 Theochildis
1072 2788 1210 2855 quorum
1220 2778 1277 2833 om·

258 2896 342 2964 poro
365 2876 399 2941 in
423 2873 514 2940 dicto
535 2874 742 2940 monasterio
758 2880 1019 2943 consererentur.

302 3183 341 3248 ln
366 3178 484 3246 diebus
510 3178 591 3253 illis,
621 3175 816 3262 quiescebat
840 3184 979 3247 sanctus
1011 3177 1105 3247 Ebbo
1128 3176 1233 3245 adnue
1255 3168 1291 3235 ἸΙ

255 3290 360 3377 priori
384 3286 527 3365 tumulo,
551 3284 683 3371 fulgens
701 3284 887 3351 miraculis.
913 3285 1076 3353 Dominus
1095 3286 1233 3353 Seuinus
1260 3272 1296 3337 ὅ

258 3394 473 3463 lioinnarrlus
491 3392 596 3459 ubbus
615 3391 816 3458 leuauerunt
832 3412 953 3479 corpus
972 3394 1079 3479 ipsius
1097 3392 1139 3459 de
1154 3400 1241 3459 tem
1258 3378 1303 3446 ὓ

254 3524 321 3589 quo
337 3504 488 3568 iacuerat.
505 3519 564 3586 per
578 3497 741 3563 ducentos
760 3517 868 3564 annos
891 3506 926 3567 et
946 3502 1076 3587 vigenti
1096 3520 1169 3567 sex.
1193 3498 1310 3565 Inue·

255 3620 443 3695 noruntque
457 3605 597 3671 insulam
613 3624 688 3669 curn
710 3624 777 3689 qua
801 3605 954 3692 sepultus
978 3606 1091 3675 tuerat
1112 3604 1313 3695 integrum·

297 3826 396 3891 Anno
423 3821 554 3887 Domini
580 3818 874 3907 noningentesimo
897 3822 1104 3909 octogesimo
1131 3814 1318 3889 coenum

251 3931 336 3999 obiit
362 3928 553 3998 Ludouicns
576 3946 638 3993 rex
657 3928 803 4003 iuuenis,
829 3928 887 4012 qni
917 3926 1118 3997 nihilfecit.
1144 3904 1320 3995 nouauit

250 4058 390 4128 regnum
407 4034 541 4122 Hugoni
554 4032 642 4100 duci.
