2970 5430
711 486 868 543 ..128-

266 613 373 680 mnlta
400 614 529 680 tributa
559 613 740 690 relaxauit,
764 613 871 680 multa
896 612 1000 692 dedit,
1025 614 1134 682 multa
1163 614 1195 680 ei
1223 612 1299 683 uae

267 720 415 787 luerunt.

309 827 522 905 Commodus,
561 828 650 893 filius
687 829 850 896 Anthonii
888 829 953 893 Pii.
985 862 1029 878 -·
1051 827 1124 894 Hoc
1150 831 1298 914 temporo

268 934 375 1021 fulget
390 936 610 1013 Theodosius,
633 936 813 1022 interpres,
843 940 878 1002 et
898 936 1052 1013 Hermes,
1071 932 1303 1022 Lugdunensis

269 1043 457 1127 episcopus,
485 1042 613 1108 doctor.
638 1043 709 1107 Hoc
738 1052 902 1129 tempore,
922 1061 1039 1107 ornnes
1067 1040 1138 1107 lere
1152 1042 1305 1108 nationes

269 1154 389 1213 contra
421 1142 597 1216 Romanos
628 1155 868 1228 surrexerunt;
902 1148 959 1215 sed
993 1150 1127 1215 nomine
1153 1148 1306 1236 Xpistia

270 1256 431 1321 Romanis
458 1253 636 1335 'inuocato
668 1258 747 1342 quia
782 1258 838 1322 siti
871 1256 1039 1342 peribant,
1069 1260 1170 1323 tanta
1195 1254 1307 1342 pluuia

227 1440 232 1451 .
268 1361 458 1439 inundauit,
473 1383 572 1448 quarn
592 1364 761 1428 Romanos
775 1361 895 1429 refecit
910 1368 944 1428 et
959 1363 1114 1428 inimicos
1125 1360 1303 1439 destruxit,

268 1471 358 1536 etsie
369 1470 526 1543 Romani,
543 1471 577 1534 in
593 1471 651 1535 Dei
662 1471 809 1547 nomine,
823 1471 1002 1536 uictoriam
1015 1467 1222 1534 habuerunt.
1238 1466 1307 1533 Hoc

221 1592 251 1648 lsi
269 1585 431 1664 ternpore,
448 1576 513 1644 luit
525 1578 669 1644 illustris
680 1577 868 1664 Philippus,
882 1583 979 1663 pater
990 1575 1141 1664 Eugenie
1152 1574 1306 1662 uirginis,

270 1685 455 1769 Prothique
471 1690 505 1750 et
521 1683 678 1750 lacinthi.

314 1898 430 1963 Helius
454 1897 631 1964 Pertinax.
653 1900 783 1964 -Hoc
814 1904 964 1984 tempore
989 1896 1106 1964 floruit
1131 1897 1305 1972 Narcisus,

269 2005 476 2071 lhcrusalern
512 2009 700 2094 episcopus,
743 2007 931 2072 Emilianus
962 2009 997 2072 et
1032 2004 1209 2091 Origenes.
1234 2002 1309 2069 liic

270 2113 387 2178 Helius
399 2114 505 2179 multa
519 2114 755 2200 conquerebat,
782 2114 952 2198 multaque
970 2111 1093 2190 dabat;
1113 2112 1310 2179 eratuicto·

270 2221 392 2297 riosus,
407 2220 533 2286 litteris
549 2223 657 2309 grecis
679 2228 714 2287 et
738 2223 854 2289 latinis
871 2221 1011 2298 doctus;
1035 2220 1174 2306 quintus
1201 2236 1311 2306 perse·

271 2332 369 2392 cutor
384 2325 449 2392 fuit
463 2326 623 2393 Ecclesia.
642 2329 713 2394 Hoc
729 2335 879 2415 tempore
896 2328 1070 2408 Leuntius,
1087 2330 1187 2412 pater
1198 2324 1311 2412 Orige-

272 2434 342 2510 nis,
376 2435 542 2518 martyrio
573 2443 774 2514 coronatur,
807 2443 841 2502 et
873 2436 1051 2521 Hyreneus
1078 2452 1152 2499 curn
1181 2430 1307 2499 multis.

273 2541 323 2605 Ex
344 2538 471 2605 Affrica
492 2538 584 2619 luit;
613 2548 714 2608 antea
740 2541 834 2607 Affer
859 2562 925 2606 non
953 2540 1145 2626 imperauit,
1173 2536 1311 2603 bellicus

272 2653 305 2713 et
321 2648 522 2713 victoriosus
539 2649 625 2727 l'uit3
649 2651 756 2735 primo
774 2649 839 2715 fuit
855 2650 889 2713 in
912 2647 1058 2712 diuersis
1075 2646 1189 2711 causis
1206 2641 1311 2709 aduo-

219 2772 254 2827 20
273 2759 380 2821 catus
396 2755 487 2823 Obiit
505 2757 539 2820 in
555 2756 690 2842 Anglia.

318 3064 424 3129 Iulius
447 3071 482 3131 et
504 3065 660 3131 Seuerus.
676 3101 720 3115 -
739 3067 864 3131 Parum
889 3067 1167 3152 imperauerunt;
1199 3066 1313 3129 tamen

274 3172 418 3238 Seuerus
431 3174 631 3258 superuixit.

319 3280 512 3345 Anthonius
532 3280 739 3346 Catharalla.
765 3282 885 3346 -Hic
908 3279 974 3347 fuit
996 3278 1149 3364 asperior
1177 3281 1212 3343 et
1238 3272 1316 3339 libi-

276 3386 347 3452 dini
363 3387 508 3453 deditus.

319 3495 504 3560 Macrinus.
521 3533 565 3547 -
585 3498 656 3562 Per
669 3517 793 3562 annum
815 3496 1007 3582 imperauit,
1026 3492 1158 3558 demum
1171 3491 1206 3556 in
1220 3488 1318 3556 India

276 3600 508 3667 detruncatur.

318 3706 510 3773 Anthonius
537 3729 596 3795 per
614 3731 756 3790 annum;
781 3710 941 3776 Marchus
965 3707 1124 3773 Aurelius
1144 3724 1204 3792 per
1230 3708 1314 3772 tres.

275 3812 468 3878 Anthonius
495 3801 689 3881 luxuriosus
711 3817 787 3896 luit,
811 3817 914 3882 tertio
934 3834 1024 3881 anno
1046 3833 1066 3879 a
1084 3798 1234 3880 tumultu
1252 3810 1319 3877 mi-

276 3919 369 3985 litari
384 3918 583 3987 interfectus
600 3929 664 3990 est.

224 4160 257 4218 30
319 4139 524 4207 Alexander.
541 4143 774 4230 -Augustus
799 4143 911 4210 dictus
932 4145 986 4207 est
1018 4140 1097 4226 quia
1114 4138 1319 4205 uictoriosus
