2970 5430
722 410 757 426 -
775 382 829 440 292
848 413 879 424 -

342 540 393 608 De
407 540 623 607 translatione
636 540 747 607 sancti
757 540 936 609 Sauim'uni
943 542 1172 633 sociorumque
1184 543 1266 612 eiua.

329 724 429 788 Anno
444 723 576 789 Domini
591 723 871 811 octingentesimo
885 723 1144 814 quadragesimo
1167 725 1320 815 septimo,

285 849 345 917 per
365 828 534 896 domiuum
550 829 759 909 (landonem,
776 829 1002 897 senonensem
1020 828 1321 918 archiepiscopum,

284 944 434 1025 tempore
449 936 575 1004 domini
594 936 770 1003 abbatis...
793 941 915 1004 octauo
926 935 1091 1004 kalendae
1107 932 1320 1026 septembris,

284 1043 455 1111 translata
474 1043 611 1110 fuerunt
631 1062 773 1130 corpora
796 1049 992 1110 sauctorum
1017 1046 1209 1128 martyrum
1233 1040 1323 1109 Sani·

282 1151 388 1227 niani,
406 1148 613 1226 Potentiani,
631 1146 751 1226 Altini,
769 1146 923 1225 Eodaldi,
935 1147 1095 1226 Serotini,
1104 1146 1276 1214 Victorini
1290 1150 1341 1216 et·

281 1256 379 1343 parui
391 1253 465 1332 filii,
482 1253 522 1320 de
540 1253 613 1320 loco
628 1255 662 1318 in
687 1275 752 1340 quo
765 1255 874 1341 primo
897 1255 1074 1322 innuerent
1095 1253 1130 1320 in
1149 1258 1320 1323 monaste-

281 1363 368 1428 rium
393 1361 710 1429 Sancti-Petri-Uiui
737 1361 954 1441 Senouensis,
982 1363 1018 1428 iu
1045 1382 1111 1448 quo
1138 1359 1320 1429 honorifice

281 1468 583 1536 conseruabantur.
605 1470 645 1535 In
669 1474 767 1536 nocte
786 1468 920 1535 illorum
946 1468 1198 1549 translationis,
1224 1487 1320 1536 voces

229 1571 263 1629 ¹0
280 1577 432 1666 angelice
458 1597 558 1664 super
583 1575 770 1664 predictum
787 1576 1030 1643 monasterium
1047 1573 1277 1642 Sancti-Petri
1288 1577 1320 1642 et

280 1688 371 1754 circa
385 1684 495 1752 altare
510 1684 624 1754 audite
641 1688 756 1751 sunta
771 1683 893 1771 populo
906 1684 1078 1750 uniuerso.
1097 1682 1184 1748 Dum
1201 1679 1318 1750 beatus

279 1793 483 1860 Sauinianus
503 1812 524 1858 a
544 1791 753 1879 sarcophago
776 1791 961 1869 leuaretur,
980 1790 1044 1859 duo
1060 1811 1264 1880 percussure
1286 1794 1318 1860 iu

279 1900 386 1986 ipsius
402 1899 511 1987 capite
536 1897 646 1965 adhuc
666 1898 849 1985 sanguineo
873 1903 908 1966 et
923 1898 1021 1985 quasi
1044 1906 1199 1968 recentes
1222 1920 1319 1991 appa·

280 2010 432 2089 ruerunt,
459 2010 494 2071 et
513 2024 534 2071 a
556 2004 646 2070 clero
666 2014 701 2072 et
720 2004 841 2092 populo
857 2006 933 2077 ,uiso
955 2010 1046 2073 sunt.
1071 2007 1223 2096 Dumque
1244 2028 1319 2078 cor·

142 2194 146 2198 ,
279 2133 362 2202 pora
377 2119 412 2180 et
437 2111 578 2198 reliquie
599 2111 766 2180 dictorum
790 2119 985 2182 sauctorum
1014 2114 1050 2180 iu
1075 2117 1316 2187 monasteriam

280 2220 466 2308 predictum
488 2219 712 2286 Sancti-Petri
732 2221 843 2306 posita
866 2219 1016 2302 fuerunt,
1032 2227 1116 2290 tunc
1132 2242 1233 2292 omne
1247 2244 1317 2292 mo·

280 2327 466 2396 uastarium
481 2325 565 2393 odor
586 2327 809 2392 suauissimus
826 2326 886 2394 illa
900 2326 954 2394 die
976 2330 1182 2417 receptionis
1207 2336 1244 2401 et
1261 2349 1319 2421 per

278 2433 466 2521 quindecim
493 2431 566 2498 dies
597 2439 775 2519 sequentes
796 2433 839 2500 ad
866 2433 1001 2522 plenum
1028 2435 1192 2524 perfudit,
1224 2439 1316 2507 aori

276 2544 390 2607 essent
405 2541 441 2606 in
458 2559 497 2605 eo
515 2543 669 2606 aromata
683 2545 718 2608 et
732 2539 885 2608 balsama
900 2543 1072 2610 uniuersa.
1099 2544 1231 2634 Illoque
1246 2547 1316 2616 loco

223 2635 258 2694 ²⁰
275 2647 512 2725 Sancti-Petri,
529 2666 589 2733 per
613 2651 721 2713 totam
748 2646 980 2728 ebdomadam,
1005 2652 1087 2731 ceci,
1105 2650 1245 2735 debiles,
1263 2655 1316 2722 iu·

274 2754 375 2835 firmi,
393 2754 504 2823 claudi
521 2761 555 2823 et
570 2753 690 2821 luriosi
715 2755 898 2822 sanitatem
925 2755 1115 2824 Saluatoris
1136 2756 1316 2828 clementia

274 2862 315 2930 ob
332 2869 592 2949 sanctorumque
611 2863 734 2930 merita
749 2869 960 2949 receperunt.
979 2864 1128 2930 Duorum
1150 2864 1313 2953 siquidem

274 2971 514 3038 monachorum
531 2969 745 3037 sacerdotum
764 2990 906 3058 corpora
930 2975 966 3039 et
985 2976 1099 3040 vestes
1114 2973 1173 3060 qui
1198 2992 1314 3041 sacras

274 3078 435 3165 reliquias
461 3078 576 3144 leuare
607 3081 804 3144 meruerunt
839 3076 981 3144 deloco
1010 3078 1132 3166 primo,
1159 3079 1313 3166 plurimis

273 3182 390 3250 diebus
405 3185 455 3252 ita
476 3181 681 3272 flagrabant,
704 3188 742 3251 ut
761 3182 889 3271 perfusi
913 3183 1016 3251 odore
1039 3191 1199 3254 nectareo
1213 3188 1314 3275 puta·

272 3296 403 3359 rentur.

316 3455 406 3552 Ante
420 3505 501 3553 uero
517 3490 711 3552 sanctorum
726 3484 1002 3567 translationem,
1025 3488 1060 3554 iu
1078 3493 1154 3558 tota
1171 3493 1312 3578 prouin-

271 3593 322 3659 tia
345 3590 496 3660 delectus
532 3593 645 3684 pluuia
672 3596 707 3657 et
731 3590 867 3658 siccitas
894 3611 1018 3680 magna
1048 3598 1143 3675 erat;
1172 3594 1232 3662 sed
1257 3594 1311 3665 dio

270 3700 530 3782 translationis,
561 3697 737 3768 descendit
763 3698 953 3787 pluuiarum
984 3698 1219 3772 habundantia
1254 3722 1313 3773 oo-

220 3804 254 3864 30
291 3808 376 3876 iosa.

268 3828 289 3896 p
313 3915 492 3983 Sudarium
504 3936 586 3983 uero
603 3914 713 3982 sancti
732 3913 907 3981 Sauluiaui
928 3912 999 3982 fere
1016 3914 1187 4004 integrum
1212 3917 1312 3989 iuue-

270 4029 404 4110 uerunt,
424 4028 460 4093 et
475 4022 587 4090 adhuc
602 4020 785 4090 honorifice
801 4024 951 4089 seruent.
