2970 5430
724 438 882 495 ..428-

273 572 329 635 tas
344 566 552 634 {herusalem
564 569 725 653 captaest
735 570 919 656 apaganis3
935 574 1050 637 tamen
1061 586 1138 635 cum
1149 586 1289 635 mueron-

274 678 324 745 tia
339 674 533 764 Sepulcrum
550 673 744 743 seruabant.
1265 744 1281 755 ,,

317 782 441 850 Eodem
467 800 568 858 annu,
595 779 810 860 Godefridus,
836 780 905 847 dux
932 780 1079 859 Bnillon,
1099 778 1290 847 Ibernuulun

274 888 360 955 adiit
380 907 453 956 cum
469 886 585 954 multis
608 885 789 954 baronibus
812 892 848 955 et
861 886 1024 956 militibus
1045 886 1292 965 uictoriosusat

274 994 465 1062 laudabilis.

318 1102 444 1170 Eodem
456 1108 618 1188 tempore,
631 1100 938 1169 Balduinusiaotus
948 1106 1002 1169 est
1012 1098 1291 1169 rexlbsrusulsm.

318 1209 380 1276 Illo
401 1214 563 1296 tempore,
586 1229 648 1275 rex
662 1210 869 1277 Francorum
886 1209 1054 1277 Henricus
1080 1206 1210 1279 dsuicit
1225 1206 1295 1277 Nor·

272 1336 427 1395 mannos,
447 1322 482 1384 et
497 1316 738 1403 suppeditauit.

315 1425 414 1490 Anno
427 1424 559 1489 Domini
574 1423 751 1489 millesimo
761 1422 1037 1510 quinquagesimo
1050 1424 1170 1503 tertio.
1187 1420 1297 1509 le

226 1528 256 1585 ¹⁰
273 1530 433 1607 riusVlI,
449 1529 613 1595 Tuschus.
631 1564 675 1579 -
687 1528 781 1596 Sedit
790 1530 889 1595 annis
897 1528 1084 1609 duodecim,
1101 1548 1219 1599 menso
1228 1544 1296 1605 w.

273 1633 390 1701 diebus
415 1639 569 1722 quatuor.
590 1636 688 1702 Hunc
703 1634 857 1714 censius,
887 1637 993 1703 Romo
1015 1634 1202 1723 prefectus,
1220 1632 1299 1723 oepit

273 1746 308 1809 et
321 1742 450 1809 inturri
465 1762 527 1809 sua
536 1744 660 1829 posuit,
675 1741 753 1809 dum
767 1744 910 1831 primam
921 1744 1074 1823 missam,
1087 1744 1125 1811 iu
1139 1746 1238 1813 noea
1249 1734 1300 1811 na·

272 1848 353 1915 talis
367 1848 510 1931 Domini,
525 1847 568 1913 ad
583 1869 734 1935 presepe,
751 1850 785 1915 in
802 1850 944 1917 ecclesia
958 1846 1301 1919 nunnamenste-

272 1957 321 2021 ris
343 1955 546 2036 celebraret;
570 1956 628 2023 sed
641 1957 796 2045 populus,
813 1955 930 2023 eadem
956 1962 1068 2037 nocte,
1092 1954 1301 2025 tumimdes-

270 2067 464 2141 traxerunt,
493 2068 527 2131 et
555 2084 673 2151 papam
696 2063 939 2142 liberauernnt,
960 2068 995 2131 et
1015 2064 1196 2131 Tenscium
1210 2068 1302 2131 extra

270 2170 442 2237 ciuitatem
458 2171 641 2237 eiecerunt.
659 2171 723 2236 Hic
733 2168 886 2256 pontifex
897 2168 1206 2239 excommunicabit
1223 2168 1304 2235 Hon-

272 2276 378 2341 ricum
404 2276 653 2363 imperatorem.
681 2278 764 2343 Erat
780 2278 868 2343 enirn
885 2276 972 2343 idem
984 2278 1172 2365 imperator
1190 2280 1304 2345 nonus

273 2382 437 2448 unitatem
450 2383 598 2449 Ecclesia
615 2405 623 2462 ;
654 2382 711 2448 sed
729 2389 858 2469 postea,
876 2383 977 2450 nudis
988 2382 1141 2471 pedibus,
1159 2402 1222 2471 per
1235 2380 1304 2471 gls-

274 2490 339 2557 ties
353 2494 388 2555 et
407 2489 514 2572 niues,
544 2488 586 2555 ad
603 2509 723 2576 papam
737 2491 889 2568 ueniens,
903 2490 1037 2557 ueniam
1059 2488 1262 2579 postulauit,
1274 2492 1307 2555 et

219 2593 255 2651 20
274 2596 432 2663 obtinuit.
455 2598 582 2663 Iterum
599 2599 907 2664 excommunicatus
923 2596 989 2665 luit
1009 2598 1210 2685 imperator,
1233 2594 1307 2685 quia

274 2704 445 2770 consensit
459 2703 733 2783 utGuibelertus,
746 2703 834 2769 unde
843 2704 1002 2771 dicuntur
1012 2702 1197 2783 Guibslini,
1209 2702 1246 2770 in
1258 2720 1309 2793 pa·

274 2830 351 2897 pam
363 2809 558 2896 eligeretur,
571 2830 637 2876 non
649 2816 782 2877 mortuo
794 2810 958 2899 Gregorio
968 2810 1046 2877 vn.
1058 2808 1124 2885 Qui
1134 2810 1309 2881 Guilsbsr·

273 2924 343 2997 tus,
362 2919 396 2983 in
408 2924 532 3005 papatu
547 2917 634 2984 male
650 2924 834 3005 assumpto,
852 2923 992 2985 uocatus
1002 2914 1069 2983 fuit
1079 2914 1239 2985 Clemens
1247 2918 1308 2985 111.

276 3024 319 3091 Et
335 3025 519 3111 imperator
543 3024 743 3112 Gregorium
759 3044 878 3112 papam
902 3024 937 3089 in
954 3029 1067 3092 castro
1093 3022 1219 3113 Angeli
1239 3042 1309 3091 cum

275 3131 503 3197 cardinalibus
515 3131 663 3211 obsedit;
680 3132 737 3197 sed
750 3131 866 3200 audito
877 3131 963 3219 quod
975 3128 1312 3219 Guichardnsdebp·

274 3238 367 3323 pulia
389 3239 425 3302 in
441 3236 645 3305 adiutorium
658 3260 741 3325 pape
761 3238 917 3327 Gregorii
938 3238 1105 3329 ueniebat,
1128 3242 1312 3329 imperator

275 3364 349 3409 cum
359 3364 419 3409 sno
430 3364 527 3431 papa,
537 3344 709 3412 destructo
716 3344 894 3432 Capitolio,
905 3344 993 3433 sugit
1001 3336 1312 3415 Sonanbestruiin

276 3472 339 3537 quo
361 3454 533 3520 ciuitatem
548 3454 745 3532 Leoninam,
762 3474 826 3540 que
849 3452 975 3520 domini
993 3472 1078 3541 pape
1098 3458 1163 3523 ost,
1187 3450 1311 3523 Eadem

275 3558 340 3636 dio,
359 3558 571 3625 Guichardus
593 3580 713 3647 papam
734 3560 934 3647 Gregorium
962 3558 1136 3639 liberauit,
1160 3560 1221 3647 qui
1239 3562 1313 3651 post

223 3672 256 3730 30
276 3665 418 3731 Salermi
441 3671 594 3733 mortuus
617 3674 682 3745 est,
703 3673 738 3735 et
767 3666 929 3753 sepultus.
960 3664 1053 3733 Idem
1068 3670 1213 3735 saumas
1228 3684 1313 3755 pap·

276 3774 410 3859 magnis
428 3774 599 3840 miraculis
625 3775 860 3853 choruscauit;
887 3772 946 3839 sed
969 3776 1049 3839 anto
1071 3768 1203 3839 obitum
1228 3770 1313 3841 sedit

277 3880 459 3958 Lateran0,
476 3879 573 3947 bonis
587 3881 706 3968 plenus
720 3881 888 3968 operibus.
