<?xml version="1.0" encoding="UTF-8"?>
<!DOCTYPE html PUBLIC "-//W3C//DTD XHTML 1.0 Transitional//EN"
    "http://www.w3.org/TR/xhtml1/DTD/xhtml1-transitional.dtd">
<html xmlns="http://www.w3.org/1999/xhtml" xml:lang="en" lang="en">
 <head>
  <title>
</title>
<meta http-equiv="Content-Type" content="text/html;charset=utf-8" />
  <meta name='ocr-system' content='tesseract 3.04.00' />
  <meta name='ocr-capabilities' content='ocr_page ocr_carea ocr_par ocr_line ocrx_word'/>
</head>
<body>
  <div class='ocr_page' id='page_1' title='image "./chroniquedelabb00fragoog_0062.png"; bbox 0 0 2918 5046; ppageno 0'>
   <div class='ocr_carea' id='block_1_1' title="bbox 266 431 1302 636">
    <p class='ocr_par' dir='ltr' id='par_1_1' title="bbox 266 431 1302 636">
     <span class='ocr_line' id='line_1_1' title="bbox 714 431 857 489; baseline 0.007 -16"><span class='ocrx_word' id='word_1_1' title='bbox 714 459 750 473; x_wconf 88' lang='lat'>-</span> <span class='ocrx_word' id='word_1_2' title='bbox 767 431 805 489; x_wconf 63' lang='grc' dir='ltr'><em>ω</em></span> <span class='ocrx_word' id='word_1_3' title='bbox 821 462 857 474; x_wconf 88' lang='grc'>-</span> 
     </span>
     <span class='ocr_line' id='line_1_2' title="bbox 266 541 1302 636; baseline 0.006 -27"><span class='ocrx_word' id='word_1_4' title='bbox 266 543 499 610; x_wconf 88' lang='lat' dir='ltr'>non&#39;credidit.</span> <span class='ocrx_word' id='word_1_5' title='bbox 519 545 595 610; x_wconf 83' lang='lat' dir='ltr'>Nou</span> <span class='ocrx_word' id='word_1_6' title='bbox 609 541 764 620; x_wconf 86' lang='lat' dir='ltr'>credidit,</span> <span class='ocrx_word' id='word_1_7' title='bbox 784 548 819 609; x_wconf 90' lang='lat' dir='ltr'>et</span> <span class='ocrx_word' id='word_1_8' title='bbox 842 545 958 611; x_wconf 85' lang='lat' dir='ltr'>statim</span> <span class='ocrx_word' id='word_1_9' title='bbox 973 547 1065 612; x_wconf 88' lang='lat' dir='ltr'>aruit</span> <span class='ocrx_word' id='word_1_10' title='bbox 1077 567 1198 614; x_wconf 90' lang='lat' dir='ltr'>manus</span> <span class='ocrx_word' id='word_1_11' title='bbox 1211 548 1302 636; x_wconf 87' lang='lat' dir='ltr'>ejus;</span> 
     </span>
    </p>
   </div>
   <div class='ocr_carea' id='block_1_2' title="bbox 266 650 1307 824">
    <p class='ocr_par' dir='ltr' id='par_1_2' title="bbox 266 650 1307 824">
     <span class='ocr_line' id='line_1_3' title="bbox 266 650 1307 740; baseline 0.01 -26"><span class='ocrx_word' id='word_1_12' title='bbox 266 650 336 727; x_wconf 90' lang='lat' dir='ltr'>sed,</span> <span class='ocrx_word' id='word_1_13' title='bbox 368 652 461 717; x_wconf 94' lang='lat' dir='ltr'>iussu</span> <span class='ocrx_word' id='word_1_14' title='bbox 485 651 609 738; x_wconf 84' lang='lat' dir='ltr'>angeli,</span> <span class='ocrx_word' id='word_1_15' title='bbox 642 670 779 737; x_wconf 89' lang='lat' dir='ltr'>puerum</span> <span class='ocrx_word' id='word_1_16' title='bbox 807 651 922 737; x_wconf 83' lang='lat' dir='ltr'>tetigit</span> <span class='ocrx_word' id='word_1_17' title='bbox 943 655 979 719; x_wconf 89' lang='lat' dir='ltr'>et</span> <span class='ocrx_word' id='word_1_18' title='bbox 998 654 1124 740; x_wconf 84' lang='lat' dir='ltr'>recepit</span> <span class='ocrx_word' id='word_1_19' title='bbox 1144 655 1307 724; x_wconf 78' lang='lat' dir='ltr'>mutinae</span> 
     </span>
     <span class='ocr_line' id='line_1_4' title="bbox 267 759 460 824; baseline 0.01 -4"><span class='ocrx_word' id='word_1_20' title='bbox 267 759 460 824; x_wconf 89' lang='lat' dir='ltr'>sanitatem.</span> 
     </span>
    </p>
   </div>
   <div class='ocr_carea' id='block_1_3' title="bbox 213 1299 1307 2440">
    <p class='ocr_par' dir='ltr' id='par_1_3' title="bbox 264 1299 1307 1923">
     <span class='ocr_line' id='line_1_5' title="bbox 310 1299 1305 1388; baseline 0.009 -26"><span class='ocrx_word' id='word_1_21' title='bbox 310 1299 472 1384; x_wconf 81' lang='lat' dir='ltr'>Tempore</span> <span class='ocrx_word' id='word_1_22' title='bbox 497 1299 687 1377; x_wconf 89' lang='lat' dir='ltr'>Octouiani,</span> <span class='ocrx_word' id='word_1_23' title='bbox 712 1322 778 1387; x_wconf 84' lang='lat' dir='ltr'>pax</span> <span class='ocrx_word' id='word_1_24' title='bbox 813 1301 877 1368; x_wconf 85' lang='lat' dir='ltr'>fuit</span> <span class='ocrx_word' id='word_1_25' title='bbox 903 1303 1019 1380; x_wconf 85' lang='lat' dir='ltr'>Rome,</span> <span class='ocrx_word' id='word_1_26' title='bbox 1046 1322 1106 1388; x_wconf 90' lang='lat' dir='ltr'>per</span> <span class='ocrx_word' id='word_1_27' title='bbox 1130 1301 1305 1371; x_wconf 75' lang='lat' dir='ltr'>duodecim</span> 
     </span>
     <span class='ocr_line' id='line_1_6' title="bbox 265 1406 1307 1494; baseline 0.004 -22"><span class='ocrx_word' id='word_1_28' title='bbox 265 1427 383 1483; x_wconf 91' lang='lat' dir='ltr'>annos,</span> <span class='ocrx_word' id='word_1_29' title='bbox 398 1411 432 1471; x_wconf 92' lang='lat' dir='ltr'>et</span> <span class='ocrx_word' id='word_1_30' title='bbox 448 1406 522 1472; x_wconf 92' lang='lat' dir='ltr'>ideo</span> <span class='ocrx_word' id='word_1_31' title='bbox 534 1408 676 1473; x_wconf 86' lang='lat' dir='ltr'>Romani</span> <span class='ocrx_word' id='word_1_32' title='bbox 689 1409 848 1494; x_wconf 91' lang='lat' dir='ltr'>templum</span> <span class='ocrx_word' id='word_1_33' title='bbox 862 1409 961 1474; x_wconf 86' lang='lat' dir='ltr'><strong>Pacis</strong></span> <span class='ocrx_word' id='word_1_34' title='bbox 973 1414 1250 1478; x_wconf 87' lang='lat' dir='ltr'>construxerunt.</span> <span class='ocrx_word' id='word_1_35' title='bbox 1262 1410 1307 1477; x_wconf 79' lang='lat' dir='ltr'>nt</span> 
     </span>
     <span class='ocr_line' id='line_1_7' title="bbox 266 1513 1306 1602; baseline 0.009 -27"><span class='ocrx_word' id='word_1_36' title='bbox 266 1533 460 1598; x_wconf 84' lang='lat' dir='ltr'>responsum</span> <span class='ocrx_word' id='word_1_37' title='bbox 487 1513 528 1578; x_wconf 92' lang='lat' dir='ltr'>ab</span> <span class='ocrx_word' id='word_1_38' title='bbox 561 1514 672 1599; x_wconf 77' lang='lat' dir='ltr'>ydolis</span> <span class='ocrx_word' id='word_1_39' title='bbox 699 1522 908 1601; x_wconf 87' lang='lat' dir='ltr'>receperunt,</span> <span class='ocrx_word' id='word_1_40' title='bbox 945 1514 1031 1600; x_wconf 90' lang='lat' dir='ltr'>quod</span> <span class='ocrx_word' id='word_1_41' title='bbox 1067 1536 1133 1602; x_wconf 81' lang='lat' dir='ltr'>pax</span> <span class='ocrx_word' id='word_1_42' title='bbox 1165 1516 1306 1584; x_wconf 85' lang='lat' dir='ltr'>duraret</span> 
     </span>
     <span class='ocr_line' id='line_1_8' title="bbox 264 1620 1302 1708; baseline 0.004 -24"><span class='ocrx_word' id='word_1_43' title='bbox 264 1621 479 1706; x_wconf 84' lang='lat' dir='ltr'>quoadusque</span> <span class='ocrx_word' id='word_1_44' title='bbox 504 1622 600 1708; x_wconf 89' lang='lat' dir='ltr'>uirgo</span> <span class='ocrx_word' id='word_1_45' title='bbox 621 1620 726 1686; x_wconf 88' lang='lat' dir='ltr'>filium</span> <span class='ocrx_word' id='word_1_46' title='bbox 748 1628 895 1708; x_wconf 89' lang='lat' dir='ltr'>pareret.</span> <span class='ocrx_word' id='word_1_47' title='bbox 919 1621 1012 1697; x_wconf 88' lang='lat' dir='ltr'>Quod</span> <span class='ocrx_word' id='word_1_48' title='bbox 1034 1621 1302 1701; x_wconf 82' lang='lat' dir='ltr'>considerantes,</span> 
     </span>
     <span class='ocr_line' id='line_1_9' title="bbox 264 1729 1304 1817; baseline 0.003 -24"><span class='ocrx_word' id='word_1_49' title='bbox 264 1730 445 1794; x_wconf 87' lang='lat' dir='ltr'>dixerunt:</span> <span class='ocrx_word' id='word_1_50' title='bbox 479 1729 689 1813; x_wconf 87' lang='lat' dir='ltr'>Impossibile</span> <span class='ocrx_word' id='word_1_51' title='bbox 721 1736 773 1794; x_wconf 90' lang='lat' dir='ltr'>est</span> <span class='ocrx_word' id='word_1_52' title='bbox 795 1731 961 1816; x_wconf 88' lang='lat' dir='ltr'>uirginem</span> <span class='ocrx_word' id='word_1_53' title='bbox 990 1749 1129 1815; x_wconf 89' lang='lat' dir='ltr'>parere;</span> <span class='ocrx_word' id='word_1_54' title='bbox 1160 1749 1242 1817; x_wconf 89' lang='lat' dir='ltr'>ergo</span> <span class='ocrx_word' id='word_1_55' title='bbox 1269 1731 1304 1796; x_wconf 91' lang='lat' dir='ltr'>in</span> 
     </span>
     <span class='ocr_line' id='line_1_10' title="bbox 264 1834 1304 1923; baseline 0 -22"><span class='ocrx_word' id='word_1_56' title='bbox 264 1845 416 1902; x_wconf 87' lang='lat' dir='ltr'>eternum</span> <span class='ocrx_word' id='word_1_57' title='bbox 443 1836 590 1902; x_wconf 86' lang='lat' dir='ltr'>durabit.</span> <span class='ocrx_word' id='word_1_58' title='bbox 618 1836 681 1902; x_wconf 86' lang='lat' dir='ltr'>Sed</span> <span class='ocrx_word' id='word_1_59' title='bbox 708 1839 740 1901; x_wconf 90' lang='lat' dir='ltr'>in</span> <span class='ocrx_word' id='word_1_60' title='bbox 767 1839 840 1923; x_wconf 88' lang='lat' dir='ltr'>ipsa</span> <span class='ocrx_word' id='word_1_61' title='bbox 866 1842 976 1914; x_wconf 90' lang='lat' dir='ltr'>nocte,</span> <span class='ocrx_word' id='word_1_62' title='bbox 999 1855 1064 1922; x_wconf 90' lang='lat' dir='ltr'>qua</span> <span class='ocrx_word' id='word_1_63' title='bbox 1080 1836 1178 1921; x_wconf 87' lang='lat' dir='ltr'>uirgo</span> <span class='ocrx_word' id='word_1_64' title='bbox 1192 1834 1304 1902; x_wconf 83' lang='lat' dir='ltr'>bieria</span> 
     </span>
    </p>

    <p class='ocr_par' dir='ltr' id='par_1_4' title="bbox 213 1941 1303 2440">
     <span class='ocr_line' id='line_1_11' title="bbox 213 1941 1303 2030; baseline -0.001 -20"><span class='ocrx_word' id='word_1_65' title='bbox 213 1944 244 1998; x_wconf 83' lang='lat'>¹⁰</span> <span class='ocrx_word' id='word_1_66' title='bbox 264 1945 413 2022; x_wconf 86' lang='lat' dir='ltr'>ihesum,</span> <span class='ocrx_word' id='word_1_67' title='bbox 434 1944 539 2010; x_wconf 88' lang='lat' dir='ltr'>fllium</span> <span class='ocrx_word' id='word_1_68' title='bbox 573 1945 630 2009; x_wconf 87' lang='lat' dir='ltr'>Dei</span> <span class='ocrx_word' id='word_1_69' title='bbox 664 1946 745 2022; x_wconf 93' lang='lat' dir='ltr'>uiui,</span> <span class='ocrx_word' id='word_1_70' title='bbox 774 1946 915 2030; x_wconf 83' lang='lat' dir='ltr'>peperit,</span> <span class='ocrx_word' id='word_1_71' title='bbox 943 1942 1103 2030; x_wconf 86' lang='lat' dir='ltr'>templum</span> <span class='ocrx_word' id='word_1_72' title='bbox 1127 1941 1222 2020; x_wconf 91' lang='lat' dir='ltr'>illud,</span> <span class='ocrx_word' id='word_1_73' title='bbox 1247 1944 1303 2029; x_wconf 89' lang='lat' dir='ltr'>qui</span> 
     </span>
     <span class='ocr_line' id='line_1_12' title="bbox 263 2048 1303 2135; baseline -0.004 -19"><span class='ocrx_word' id='word_1_74' title='bbox 263 2054 362 2118; x_wconf 84' lang='lat' dir='ltr'>Pacis</span> <span class='ocrx_word' id='word_1_75' title='bbox 391 2053 576 2128; x_wconf 81' lang='lat' dir='ltr'>dicebatur,</span> <span class='ocrx_word' id='word_1_76' title='bbox 614 2053 754 2129; x_wconf 89' lang='lat' dir='ltr'>corruit,</span> <span class='ocrx_word' id='word_1_77' title='bbox 795 2057 830 2117; x_wconf 91' lang='lat' dir='ltr'>et</span> <span class='ocrx_word' id='word_1_78' title='bbox 867 2051 1008 2116; x_wconf 88' lang='lat' dir='ltr'>ecclesia</span> <span class='ocrx_word' id='word_1_79' title='bbox 1028 2049 1124 2115; x_wconf 85' lang='lat' dir='ltr'>beate</span> <span class='ocrx_word' id='word_1_80' title='bbox 1158 2048 1303 2135; x_wconf 86' lang='lat' dir='ltr'>uirginis</span> 
     </span>
     <span class='ocr_line' id='line_1_13' title="bbox 264 2157 1300 2242; baseline -0.001 -18"><span class='ocrx_word' id='word_1_81' title='bbox 264 2162 395 2237; x_wconf 89' lang='lat' dir='ltr'>matris,</span> <span class='ocrx_word' id='word_1_82' title='bbox 425 2161 457 2224; x_wconf 94' lang='lat' dir='ltr'>in</span> <span class='ocrx_word' id='word_1_83' title='bbox 479 2160 593 2224; x_wconf 90' lang='lat' dir='ltr'>eodem</span> <span class='ocrx_word' id='word_1_84' title='bbox 618 2160 702 2236; x_wconf 90' lang='lat' dir='ltr'>loco,</span> <span class='ocrx_word' id='word_1_85' title='bbox 735 2159 990 2224; x_wconf 86' lang='lat' dir='ltr'>construitura</span> <span class='ocrx_word' id='word_1_86' title='bbox 1019 2157 1193 2233; x_wconf 84' lang='lat' dir='ltr'>Romanis,</span> <span class='ocrx_word' id='word_1_87' title='bbox 1224 2176 1300 2242; x_wconf 87' lang='lat' dir='ltr'>que,</span> 
     </span>
     <span class='ocr_line' id='line_1_14' title="bbox 264 2262 1303 2353; baseline -0.005 -21"><span class='ocrx_word' id='word_1_88' title='bbox 264 2267 422 2332; x_wconf 87' lang='lat' dir='ltr'>moderno</span> <span class='ocrx_word' id='word_1_89' title='bbox 448 2274 609 2353; x_wconf 91' lang='lat' dir='ltr'>tempore,</span> <span class='ocrx_word' id='word_1_90' title='bbox 639 2266 1006 2333; x_wconf 84' lang='lat' dir='ltr'>Sancte-llarie-Noue</span> <span class='ocrx_word' id='word_1_91' title='bbox 1029 2264 1171 2330; x_wconf 86' lang='lat' dir='ltr'>ecclesia</span> <span class='ocrx_word' id='word_1_92' title='bbox 1191 2262 1303 2328; x_wconf 91' lang='lat' dir='ltr'>nomi·</span> 
     </span>
     <span class='ocr_line' id='line_1_15' title="bbox 261 2383 375 2440; baseline 0.018 -2"><span class='ocrx_word' id='word_1_93' title='bbox 261 2383 375 2440; x_wconf 87' lang='lat' dir='ltr'>natur.</span> 
     </span>
    </p>
   </div>
   <div class='ocr_carea' id='block_1_4' title="bbox 206 2587 1301 4180">
    <p class='ocr_par' dir='ltr' id='par_1_5' title="bbox 256 2587 1301 3106">
     <span class='ocr_line' id='line_1_16' title="bbox 303 2587 1301 2676; baseline -0.002 -21"><span class='ocrx_word' id='word_1_94' title='bbox 303 2592 380 2676; x_wconf 89' lang='lat' dir='ltr'>Ipsa</span> <span class='ocrx_word' id='word_1_95' title='bbox 392 2599 427 2657; x_wconf 88' lang='lat' dir='ltr'>et</span> <span class='ocrx_word' id='word_1_96' title='bbox 444 2601 552 2667; x_wconf 80' lang='lat' dir='ltr'>nocte,</span> <span class='ocrx_word' id='word_1_97' title='bbox 572 2592 675 2657; x_wconf 87' lang='lat' dir='ltr'>multo</span> <span class='ocrx_word' id='word_1_98' title='bbox 689 2589 867 2676; x_wconf 81' lang='lat' dir='ltr'>ydolorum</span> <span class='ocrx_word' id='word_1_99' title='bbox 885 2594 997 2654; x_wconf 88' lang='lat' dir='ltr'>statue</span> <span class='ocrx_word' id='word_1_100' title='bbox 1013 2591 1047 2653; x_wconf 92' lang='lat' dir='ltr'>in</span> <span class='ocrx_word' id='word_1_101' title='bbox 1065 2587 1227 2652; x_wconf 87' lang='lat' dir='ltr'>nichilum</span> <span class='ocrx_word' id='word_1_102' title='bbox 1243 2607 1301 2653; x_wconf 89' lang='lat' dir='ltr'>ce-</span> 
     </span>
     <span class='ocr_line' id='line_1_17' title="bbox 258 2694 1299 2783; baseline -0.002 -21"><span class='ocrx_word' id='word_1_103' title='bbox 258 2697 424 2762; x_wconf 90' lang='lat' dir='ltr'>ciderunt.</span> <span class='ocrx_word' id='word_1_104' title='bbox 444 2699 586 2783; x_wconf 81' lang='lat' dir='ltr'>Legitur</span> <span class='ocrx_word' id='word_1_105' title='bbox 606 2699 694 2762; x_wconf 89' lang='lat' dir='ltr'>enim</span> <span class='ocrx_word' id='word_1_106' title='bbox 721 2696 805 2782; x_wconf 89' lang='lat' dir='ltr'>quod</span> <span class='ocrx_word' id='word_1_107' title='bbox 833 2695 1031 2771; x_wconf 88' lang='lat' dir='ltr'>Iheremias,</span> <span class='ocrx_word' id='word_1_108' title='bbox 1059 2694 1236 2781; x_wconf 87' lang='lat' dir='ltr'>propheta,</span> <span class='ocrx_word' id='word_1_109' title='bbox 1264 2695 1299 2760; x_wconf 89' lang='lat' dir='ltr'>in</span> 
     </span>
     <span class='ocr_line' id='line_1_18' title="bbox 258 2801 1301 2891; baseline -0.004 -21"><span class='ocrx_word' id='word_1_110' title='bbox 258 2804 426 2891; x_wconf 80' lang='lat' dir='ltr'>Egyptum</span> <span class='ocrx_word' id='word_1_111' title='bbox 443 2805 661 2882; x_wconf 85' lang='lat' dir='ltr'>descendens,</span> <span class='ocrx_word' id='word_1_112' title='bbox 692 2810 932 2890; x_wconf 83' lang='lat' dir='ltr'>postmortem</span> <span class='ocrx_word' id='word_1_113' title='bbox 957 2801 1096 2868; x_wconf 90' lang='lat' dir='ltr'>Godolie</span> <span class='ocrx_word' id='word_1_114' title='bbox 1125 2802 1226 2888; x_wconf 89' lang='lat' dir='ltr'>regis,</span> <span class='ocrx_word' id='word_1_115' title='bbox 1250 2803 1301 2867; x_wconf 90' lang='lat' dir='ltr'>si·</span> 
     </span>
     <span class='ocr_line' id='line_1_19' title="bbox 257 2909 1299 2999; baseline 0.001 -23"><span class='ocrx_word' id='word_1_116' title='bbox 257 2932 359 2997; x_wconf 92' lang='lat' dir='ltr'>gnum</span> <span class='ocrx_word' id='word_1_117' title='bbox 388 2910 481 2977; x_wconf 87' lang='lat' dir='ltr'>dedit</span> <span class='ocrx_word' id='word_1_118' title='bbox 510 2913 665 2999; x_wconf 73' lang='lat' dir='ltr'>Egyptiis</span> <span class='ocrx_word' id='word_1_119' title='bbox 694 2910 780 2997; x_wconf 94' lang='lat' dir='ltr'>quod</span> <span class='ocrx_word' id='word_1_120' title='bbox 818 2930 933 2983; x_wconf 88' lang='lat' dir='ltr'>eorum</span> <span class='ocrx_word' id='word_1_121' title='bbox 962 2909 1065 2995; x_wconf 87' lang='lat' dir='ltr'>ydola</span> <span class='ocrx_word' id='word_1_122' title='bbox 1099 2916 1299 2977; x_wconf 89' lang='lat' dir='ltr'>corruerant</span> 
     </span>
     <span class='ocr_line' id='line_1_20' title="bbox 256 3018 1301 3106; baseline -0.001 -22"><span class='ocrx_word' id='word_1_123' title='bbox 256 3020 389 3104; x_wconf 90' lang='lat' dir='ltr'>quando</span> <span class='ocrx_word' id='word_1_124' title='bbox 424 3021 520 3105; x_wconf 90' lang='lat' dir='ltr'>uirgo</span> <span class='ocrx_word' id='word_1_125' title='bbox 556 3019 660 3084; x_wconf 85' lang='lat' dir='ltr'>lilium</span> <span class='ocrx_word' id='word_1_126' title='bbox 700 3021 896 3106; x_wconf 82' lang='lat' dir='ltr'>parturiret.</span> <span class='ocrx_word' id='word_1_127' title='bbox 939 3018 1150 3103; x_wconf 83' lang='lat' dir='ltr'>Quapropter</span> <span class='ocrx_word' id='word_1_128' title='bbox 1189 3032 1301 3083; x_wconf 85' lang='lat' dir='ltr'>sacer·</span> 
     </span>
    </p>

    <p class='ocr_par' dir='ltr' id='par_1_6' title="bbox 206 3124 1297 3638">
     <span class='ocr_line' id='line_1_21' title="bbox 206 3124 1297 3215; baseline 0.001 -26"><span class='ocrx_word' id='word_1_129' title='bbox 206 3134 240 3190; x_wconf 65' lang='lat'>20</span> <span class='ocrx_word' id='word_1_130' title='bbox 256 3127 352 3194; x_wconf 89' lang='lat' dir='ltr'>dotes</span> <span class='ocrx_word' id='word_1_131' title='bbox 363 3127 541 3213; x_wconf 75' lang='lat' dir='ltr'>ydolorum</span> <span class='ocrx_word' id='word_1_132' title='bbox 556 3129 748 3215; x_wconf 79' lang='lat' dir='ltr'>ymaginem</span> <span class='ocrx_word' id='word_1_133' title='bbox 766 3128 922 3211; x_wconf 84' lang='lat' dir='ltr'>uirginis,</span> <span class='ocrx_word' id='word_1_134' title='bbox 944 3145 1083 3211; x_wconf 88' lang='lat' dir='ltr'>puerum</span> <span class='ocrx_word' id='word_1_135' title='bbox 1099 3124 1297 3204; x_wconf 88' lang='lat' dir='ltr'>baiulantis,</span> 
     </span>
     <span class='ocr_line' id='line_1_22' title="bbox 258 3233 1297 3320; baseline 0.004 -23"><span class='ocrx_word' id='word_1_136' title='bbox 258 3233 409 3300; x_wconf 87' lang='lat' dir='ltr'>lecerunt</span> <span class='ocrx_word' id='word_1_137' title='bbox 424 3241 459 3300; x_wconf 92' lang='lat' dir='ltr'>et</span> <span class='ocrx_word' id='word_1_138' title='bbox 476 3237 701 3302; x_wconf 84' lang='lat' dir='ltr'>secretissime</span> <span class='ocrx_word' id='word_1_139' title='bbox 723 3234 922 3300; x_wconf 88' lang='lat' dir='ltr'>adorabant.</span> <span class='ocrx_word' id='word_1_140' title='bbox 946 3235 1070 3299; x_wconf 86' lang='lat' dir='ltr'>Postea</span> <span class='ocrx_word' id='word_1_141' title='bbox 1083 3251 1198 3298; x_wconf 87' lang='lat' dir='ltr'>ueroa</span> <span class='ocrx_word' id='word_1_142' title='bbox 1217 3252 1297 3320; x_wconf 85' lang='lat' dir='ltr'>rege</span> 
     </span>
     <span class='ocr_line' id='line_1_23' title="bbox 257 3337 1296 3428; baseline 0.004 -26"><span class='ocrx_word' id='word_1_143' title='bbox 257 3338 437 3404; x_wconf 84' lang='lat' dir='ltr'>Tholomeo</span> <span class='ocrx_word' id='word_1_144' title='bbox 453 3342 669 3428; x_wconf 88' lang='lat' dir='ltr'>interrogati,</span> <span class='ocrx_word' id='word_1_145' title='bbox 688 3344 744 3428; x_wconf 92' lang='lat' dir='ltr'>qui</span> <span class='ocrx_word' id='word_1_146' title='bbox 756 3341 939 3406; x_wconf 79' lang='lat' dir='ltr'>hocessetl</span> <span class='ocrx_word' id='word_1_147' title='bbox 949 3340 1197 3426; x_wconf 87' lang='lat' dir='ltr'>responderunt</span> <span class='ocrx_word' id='word_1_148' title='bbox 1208 3337 1296 3425; x_wconf 88' lang='lat' dir='ltr'>quod</span> 
     </span>
     <span class='ocr_line' id='line_1_24' title="bbox 257 3446 1297 3534; baseline 0.005 -26"><span class='ocrx_word' id='word_1_149' title='bbox 257 3465 277 3508; x_wconf 89' lang='lat' dir='ltr'>a</span> <span class='ocrx_word' id='word_1_150' title='bbox 294 3454 410 3512; x_wconf 84' lang='lat' dir='ltr'>sancto</span> <span class='ocrx_word' id='word_1_151' title='bbox 423 3448 599 3534; x_wconf 90' lang='lat' dir='ltr'>propbeta,</span> <span class='ocrx_word' id='word_1_152' title='bbox 615 3449 795 3524; x_wconf 90' lang='lat' dir='ltr'>lheremia,</span> <span class='ocrx_word' id='word_1_153' title='bbox 810 3456 924 3532; x_wconf 87' lang='lat' dir='ltr'>patres</span> <span class='ocrx_word' id='word_1_154' title='bbox 940 3452 975 3512; x_wconf 91' lang='lat' dir='ltr'>et</span> <span class='ocrx_word' id='word_1_155' title='bbox 988 3446 1133 3533; x_wconf 86' lang='lat' dir='ltr'>majores</span> <span class='ocrx_word' id='word_1_156' title='bbox 1147 3447 1297 3533; x_wconf 84' lang='lat' dir='ltr'>ipsorum</span> 
     </span>
     <span class='ocr_line' id='line_1_25' title="bbox 256 3562 468 3638; baseline 0.009 -21"><span class='ocrx_word' id='word_1_157' title='bbox 256 3562 468 3638; x_wconf 84' lang='lat' dir='ltr'>acceperunt.</span> 
     </span>
    </p>

    <p class='ocr_par' dir='ltr' id='par_1_7' title="bbox 256 3661 1298 4180">
     <span class='ocr_line' id='line_1_26' title="bbox 302 3661 1296 3748; baseline 0.006 -23"><span class='ocrx_word' id='word_1_158' title='bbox 302 3661 379 3747; x_wconf 91' lang='lat' dir='ltr'>Ipsa</span> <span class='ocrx_word' id='word_1_159' title='bbox 402 3663 563 3748; x_wconf 91' lang='lat' dir='ltr'>siquidem</span> <span class='ocrx_word' id='word_1_160' title='bbox 589 3671 698 3741; x_wconf 88' lang='lat' dir='ltr'>nocte,</span> <span class='ocrx_word' id='word_1_161' title='bbox 715 3663 905 3728; x_wconf 83' lang='lat' dir='ltr'>obscuritas</span> <span class='ocrx_word' id='word_1_162' title='bbox 931 3663 1021 3728; x_wconf 84' lang='lat' dir='ltr'>aeris</span> <span class='ocrx_word' id='word_1_163' title='bbox 1046 3663 1080 3728; x_wconf 93' lang='lat' dir='ltr'>in</span> <span class='ocrx_word' id='word_1_164' title='bbox 1105 3662 1296 3732; x_wconf 83' lang='lat' dir='ltr'>claritatem</span> 
     </span>
     <span class='ocr_line' id='line_1_27' title="bbox 257 3770 1297 3858; baseline 0.008 -26"><span class='ocrx_word' id='word_1_165' title='bbox 257 3788 356 3834; x_wconf 86' lang='lat' dir='ltr'>uersa</span> <span class='ocrx_word' id='word_1_166' title='bbox 368 3776 440 3848; x_wconf 88' lang='lat' dir='ltr'>est;</span> <span class='ocrx_word' id='word_1_167' title='bbox 457 3779 491 3837; x_wconf 91' lang='lat' dir='ltr'>et</span> <span class='ocrx_word' id='word_1_168' title='bbox 509 3773 543 3835; x_wconf 92' lang='lat' dir='ltr'>in</span> <span class='ocrx_word' id='word_1_169' title='bbox 563 3772 636 3856; x_wconf 88' lang='lat' dir='ltr'>ipsa</span> <span class='ocrx_word' id='word_1_170' title='bbox 652 3776 761 3848; x_wconf 89' lang='lat' dir='ltr'>nocte,</span> <span class='ocrx_word' id='word_1_171' title='bbox 777 3770 876 3837; x_wconf 81' lang='lat' dir='ltr'>stella</span> <span class='ocrx_word' id='word_1_172' title='bbox 889 3771 1011 3856; x_wconf 85' lang='lat' dir='ltr'>Magis,</span> <span class='ocrx_word' id='word_1_173' title='bbox 1033 3777 1297 3858; x_wconf 81' lang='lat' dir='ltr'>supermontem</span> 
     </span>
     <span class='ocr_line' id='line_1_28' title="bbox 256 3878 1297 3966; baseline 0.008 -26"><span class='ocrx_word' id='word_1_174' title='bbox 256 3879 425 3963; x_wconf 84' lang='lat' dir='ltr'>apparuit,</span> <span class='ocrx_word' id='word_1_175' title='bbox 460 3899 522 3964; x_wconf 89' lang='lat' dir='ltr'>que</span> <span class='ocrx_word' id='word_1_176' title='bbox 548 3878 689 3942; x_wconf 82' lang='lat' dir='ltr'>sormam</span> <span class='ocrx_word' id='word_1_177' title='bbox 721 3878 867 3945; x_wconf 88' lang='lat' dir='ltr'>babebat</span> <span class='ocrx_word' id='word_1_178' title='bbox 897 3878 990 3966; x_wconf 89' lang='lat' dir='ltr'>pueri</span> <span class='ocrx_word' id='word_1_179' title='bbox 1013 3879 1243 3965; x_wconf 89' lang='lat' dir='ltr'>pulcherrimi,</span> <span class='ocrx_word' id='word_1_180' title='bbox 1260 3880 1297 3949; x_wconf 87' lang='lat' dir='ltr'>iu</span> 
     </span>
     <span class='ocr_line' id='line_1_29' title="bbox 256 3984 1295 4074; baseline 0.008 -28"><span class='ocrx_word' id='word_1_181' title='bbox 256 3985 351 4048; x_wconf 87' lang='lat' dir='ltr'>cuius</span> <span class='ocrx_word' id='word_1_182' title='bbox 377 3985 487 4069; x_wconf 88' lang='lat' dir='ltr'>capite</span> <span class='ocrx_word' id='word_1_183' title='bbox 514 4003 597 4049; x_wconf 84' lang='lat' dir='ltr'>crux</span> <span class='ocrx_word' id='word_1_184' title='bbox 625 3984 834 4070; x_wconf 80' lang='lat' dir='ltr'>splendebat,</span> <span class='ocrx_word' id='word_1_185' title='bbox 868 3985 1187 4074; x_wconf 86' lang='lat' dir='ltr'>demonstrabatque</span> <span class='ocrx_word' id='word_1_186' title='bbox 1207 3996 1246 4054; x_wconf 90' lang='lat' dir='ltr'>ut</span> <span class='ocrx_word' id='word_1_187' title='bbox 1261 3988 1295 4054; x_wconf 91' lang='lat' dir='ltr'>iu</span> 
     </span>
     <span class='ocr_line' id='line_1_30' title="bbox 259 4091 1298 4180; baseline 0.006 -22"><span class='ocrx_word' id='word_1_188' title='bbox 259 4091 394 4158; x_wconf 88' lang='lat' dir='ltr'>Iudeam</span> <span class='ocrx_word' id='word_1_189' title='bbox 411 4099 609 4178; x_wconf 82' lang='lat' dir='ltr'>pergerent:</span> <span class='ocrx_word' id='word_1_190' title='bbox 636 4092 722 4180; x_wconf 92' lang='lat' dir='ltr'>quod</span> <span class='ocrx_word' id='word_1_191' title='bbox 748 4095 797 4161; x_wconf 91' lang='lat' dir='ltr'>sic</span> <span class='ocrx_word' id='word_1_192' title='bbox 819 4093 984 4173; x_wconf 82' lang='lat' dir='ltr'>lecerunt,</span> <span class='ocrx_word' id='word_1_193' title='bbox 1001 4102 1036 4164; x_wconf 92' lang='lat' dir='ltr'>et</span> <span class='ocrx_word' id='word_1_194' title='bbox 1048 4099 1166 4162; x_wconf 82' lang='lat' dir='ltr'>uatum</span> <span class='ocrx_word' id='word_1_195' title='bbox 1178 4094 1238 4164; x_wconf 74' lang='lat' dir='ltr'>uei</span> <span class='ocrx_word' id='word_1_196' title='bbox 1254 4094 1298 4163; x_wconf 82' lang='lat' dir='ltr'>u-</span> 
     </span>
    </p>
   </div>
   <div class='ocr_carea' id='block_1_5' title="bbox 0 0 1464 5046">
    <p class='ocr_par' dir='ltr' id='par_1_8' title="bbox 0 0 1464 5046">
     <span class='ocr_line' id='line_1_31' title="bbox 0 0 1464 5046; baseline 0 4"><span class='ocrx_word' id='word_1_197' title='bbox 0 0 1464 5046; x_wconf 95' lang='lat' dir='ltr'> </span> 
     </span>
    </p>
   </div>
  </div>
 </body>
</html>
