<?xml version="1.0" encoding="UTF-8"?>
<!DOCTYPE html PUBLIC "-//W3C//DTD XHTML 1.0 Transitional//EN"
    "http://www.w3.org/TR/xhtml1/DTD/xhtml1-transitional.dtd">
<html xmlns="http://www.w3.org/1999/xhtml" xml:lang="en" lang="en">
 <head>
  <title>
</title>
<meta http-equiv="Content-Type" content="text/html;charset=utf-8" />
  <meta name='ocr-system' content='tesseract 3.04.00' />
  <meta name='ocr-capabilities' content='ocr_page ocr_carea ocr_par ocr_line ocrx_word'/>
</head>
<body>
  <div class='ocr_page' id='page_1' title='image "./chroniquedelabb00fragoog_0434.png"; bbox 0 0 2918 5046; ppageno 0'>
   <div class='ocr_carea' id='block_1_1' title="bbox 695 362 857 420">
    <p class='ocr_par' dir='ltr' id='par_1_1' title="bbox 695 362 857 420">
     <span class='ocr_line' id='line_1_1' title="bbox 695 362 857 420; baseline 0.012 -13"><span class='ocrx_word' id='word_1_1' title='bbox 695 362 857 420; x_wconf 63' lang='lat' dir='ltr'><em>...m-</em></span> 
     </span>
    </p>
   </div>
   <div class='ocr_carea' id='block_1_2' title="bbox 252 484 1284 1216">
    <p class='ocr_par' dir='ltr' id='par_1_2' title="bbox 252 484 1284 1216">
     <span class='ocr_line' id='line_1_2' title="bbox 253 484 1284 578; baseline 0.002 -25"><span class='ocrx_word' id='word_1_2' title='bbox 253 493 380 575; x_wconf 81' lang='lat' dir='ltr'>papatu</span> <span class='ocrx_word' id='word_1_3' title='bbox 402 495 556 556; x_wconf 86' lang='lat' dir='ltr'>uocatur.</span> <span class='ocrx_word' id='word_1_4' title='bbox 575 488 639 555; x_wconf 86' lang='lat' dir='ltr'>Hic</span> <span class='ocrx_word' id='word_1_5' title='bbox 653 487 771 557; x_wconf 79' lang='lat' dir='ltr'>habito</span> <span class='ocrx_word' id='word_1_6' title='bbox 783 495 909 578; x_wconf 79' lang='lat' dir='ltr'><strong>papatu</strong></span> <span class='ocrx_word' id='word_1_7' title='bbox 928 508 1004 557; x_wconf 90' lang='lat' dir='ltr'>oum</span> <span class='ocrx_word' id='word_1_8' title='bbox 1020 492 1112 555; x_wconf 83' lang='lat' dir='ltr'>esset</span> <span class='ocrx_word' id='word_1_9' title='bbox 1128 484 1223 555; x_wconf 76' lang='lat' dir='ltr'>rudi·</span> <span class='ocrx_word' id='word_1_10' title='bbox 1236 484 1284 555; x_wconf 87' lang='lat' dir='ltr'>lit·</span> 
     </span>
     <span class='ocr_line' id='line_1_3' title="bbox 253 592 1284 672; baseline 0.001 -12"><span class='ocrx_word' id='word_1_11' title='bbox 253 602 418 672; x_wconf 85' lang='lat' dir='ltr'>terarum,</span> <span class='ocrx_word' id='word_1_12' title='bbox 438 595 582 663; x_wconf 85' lang='lat' dir='ltr'>alterum</span> <span class='ocrx_word' id='word_1_13' title='bbox 611 616 722 664; x_wconf 86' lang='lat' dir='ltr'>secum</span> <span class='ocrx_word' id='word_1_14' title='bbox 751 597 945 665; x_wconf 75' lang='lat' dir='ltr'>consecrari</span> <span class='ocrx_word' id='word_1_15' title='bbox 969 594 1053 665; x_wconf 84' lang='lat' dir='ltr'>iecit</span> <span class='ocrx_word' id='word_1_16' title='bbox 1076 594 1121 663; x_wconf 84' lang='lat' dir='ltr'>ed</span> <span class='ocrx_word' id='word_1_17' title='bbox 1146 592 1284 663; x_wconf 78' lang='lat' dir='ltr'>offleiun</span> 
     </span>
     <span class='ocr_line' id='line_1_4' title="bbox 254 701 1283 793; baseline 0.001 -25"><span class='ocrx_word' id='word_1_18' title='bbox 254 701 503 769; x_wconf 88' lang='lat' dir='ltr'>celebrandum.</span> <span class='ocrx_word' id='word_1_19' title='bbox 531 702 624 779; x_wconf 89' lang='lat' dir='ltr'>Quod</span> <span class='ocrx_word' id='word_1_20' title='bbox 654 723 729 770; x_wconf 88' lang='lat' dir='ltr'>cum</span> <span class='ocrx_word' id='word_1_21' title='bbox 745 705 862 772; x_wconf 85' lang='lat' dir='ltr'>multis</span> <span class='ocrx_word' id='word_1_22' title='bbox 886 725 952 772; x_wconf 87' lang='lat' dir='ltr'>non</span> <span class='ocrx_word' id='word_1_23' title='bbox 973 704 1138 793; x_wconf 76' lang='lat' dir='ltr'><strong>placeret,</strong></span> <span class='ocrx_word' id='word_1_24' title='bbox 1167 702 1283 771; x_wconf 66' lang='lat' dir='ltr'>tercia</span> 
     </span>
     <span class='ocr_line' id='line_1_5' title="bbox 255 806 1284 896; baseline 0.005 -24"><span class='ocrx_word' id='word_1_25' title='bbox 255 826 356 895; x_wconf 86' lang='lat' dir='ltr'>super</span> <span class='ocrx_word' id='word_1_26' title='bbox 369 808 541 877; x_wconf 90' lang='lat' dir='ltr'>inducitur</span> <span class='ocrx_word' id='word_1_27' title='bbox 552 810 608 896; x_wconf 91' lang='lat' dir='ltr'>qni</span> <span class='ocrx_word' id='word_1_28' title='bbox 627 811 719 877; x_wconf 87' lang='lat' dir='ltr'>solus</span> <span class='ocrx_word' id='word_1_29' title='bbox 739 810 839 879; x_wconf 88' lang='lat' dir='ltr'>sedit.</span> <span class='ocrx_word' id='word_1_30' title='bbox 861 811 937 878; x_wconf 89' lang='lat' dir='ltr'>Hiis</span> <span class='ocrx_word' id='word_1_31' title='bbox 957 810 1069 877; x_wconf 83' lang='lat' dir='ltr'>tribus</span> <span class='ocrx_word' id='word_1_32' title='bbox 1095 806 1284 877; x_wconf 70' lang='lat' dir='ltr'>normu-</span> 
     </span>
     <span class='ocr_line' id='line_1_6' title="bbox 254 910 1283 1004; baseline 0.007 -27"><span class='ocrx_word' id='word_1_33' title='bbox 254 910 328 990; x_wconf 85' lang='lat' dir='ltr'>bus,</span> <span class='ocrx_word' id='word_1_34' title='bbox 347 912 531 1001; x_wconf 80' lang='lat' dir='ltr'>Gregorius</span> <span class='ocrx_word' id='word_1_35' title='bbox 547 915 642 995; x_wconf 86' lang='lat' dir='ltr'>obiit,</span> <span class='ocrx_word' id='word_1_36' title='bbox 663 923 698 984; x_wconf 90' lang='lat' dir='ltr'>et</span> <span class='ocrx_word' id='word_1_37' title='bbox 709 918 876 984; x_wconf 85' lang='lat' dir='ltr'>Henricus</span> <span class='ocrx_word' id='word_1_38' title='bbox 887 916 1075 1004; x_wconf 78' lang='lat' dir='ltr'>imperator</span> <span class='ocrx_word' id='word_1_39' title='bbox 1089 912 1175 983; x_wconf 78' lang='lat' dir='ltr'>duos</span> <span class='ocrx_word' id='word_1_40' title='bbox 1189 912 1283 1003; x_wconf 78' lang='lat' dir='ltr'>depo·</span> 
     </span>
     <span class='ocr_line' id='line_1_7' title="bbox 253 1010 1282 1112; baseline 0.006 -29"><span class='ocrx_word' id='word_1_41' title='bbox 253 1020 335 1098; x_wconf 90' lang='lat' dir='ltr'>suit,</span> <span class='ocrx_word' id='word_1_42' title='bbox 348 1026 384 1087; x_wconf 92' lang='lat' dir='ltr'>et</span> <span class='ocrx_word' id='word_1_43' title='bbox 397 1010 610 1109; x_wconf 80' lang='lat' dir='ltr'>Sindigerum</span> <span class='ocrx_word' id='word_1_44' title='bbox 625 1023 894 1112; x_wconf 83' lang='lat' dir='ltr'>Barbergensem</span> <span class='ocrx_word' id='word_1_45' title='bbox 911 1024 1105 1111; x_wconf 87' lang='lat' dir='ltr'>episcopum</span> <span class='ocrx_word' id='word_1_46' title='bbox 1133 1022 1170 1089; x_wconf 85' lang='lat' dir='ltr'>in</span> <span class='ocrx_word' id='word_1_47' title='bbox 1188 1038 1282 1111; x_wconf 74' lang='lat' dir='ltr'>pepe·</span> 
     </span>
     <span class='ocr_line' id='line_1_8' title="bbox 252 1127 962 1216; baseline 0.003 -23"><span class='ocrx_word' id='word_1_48' title='bbox 252 1134 324 1193; x_wconf 90' lang='lat' dir='ltr'>tum</span> <span class='ocrx_word' id='word_1_49' title='bbox 342 1127 516 1206; x_wconf 85' lang='lat' dir='ltr'><strong>sustinuit,</strong></span> <span class='ocrx_word' id='word_1_50' title='bbox 531 1128 588 1216; x_wconf 87' lang='lat' dir='ltr'>qui</span> <span class='ocrx_word' id='word_1_51' title='bbox 603 1128 758 1195; x_wconf 80' lang='lat' dir='ltr'>Clemens</span> <span class='ocrx_word' id='word_1_52' title='bbox 774 1128 885 1196; x_wconf 84' lang='lat' dir='ltr'>dictus</span> <span class='ocrx_word' id='word_1_53' title='bbox 897 1136 962 1197; x_wconf 87' lang='lat' dir='ltr'>est.</span> 
     </span>
    </p>
   </div>
   <div class='ocr_carea' id='block_1_3' title="bbox 395 1431 1148 1520">
    <p class='ocr_par' dir='ltr' id='par_1_3' title="bbox 395 1431 1148 1520">
     <span class='ocr_line' id='line_1_9' title="bbox 395 1431 1148 1520; baseline 0.001 -19"><span class='ocrx_word' id='word_1_54' title='bbox 395 1431 1148 1520; x_wconf 74' lang='lat' dir='ltr'>Dequodaminuentoportmorteminbertrir.</span> 
     </span>
    </p>
   </div>
   <div class='ocr_carea' id='block_1_4' title="bbox 205 1634 1280 2256">
    <p class='ocr_par' dir='ltr' id='par_1_4' title="bbox 298 1634 1278 1723">
     <span class='ocr_line' id='line_1_10' title="bbox 298 1634 1278 1723; baseline 0 -18"><span class='ocrx_word' id='word_1_55' title='bbox 298 1640 426 1707; x_wconf 88' lang='lat' dir='ltr'>iterum</span> <span class='ocrx_word' id='word_1_56' title='bbox 445 1636 487 1704; x_wconf 91' lang='lat' dir='ltr'>de</span> <span class='ocrx_word' id='word_1_57' title='bbox 513 1636 695 1703; x_wconf 89' lang='lat' dir='ltr'>Benedicto</span> <span class='ocrx_word' id='word_1_58' title='bbox 712 1636 775 1713; x_wconf 80' lang='lat' dir='ltr'>lx,</span> <span class='ocrx_word' id='word_1_59' title='bbox 806 1636 863 1723; x_wconf 89' lang='lat' dir='ltr'>qni</span> <span class='ocrx_word' id='word_1_60' title='bbox 894 1655 998 1723; x_wconf 87' lang='lat' dir='ltr'>nepos</span> <span class='ocrx_word' id='word_1_61' title='bbox 1022 1634 1090 1705; x_wconf 81' lang='lat' dir='ltr'>fuit</span> <span class='ocrx_word' id='word_1_62' title='bbox 1120 1634 1278 1706; x_wconf 70' lang='lat' dir='ltr'>Benedicti</span> 
     </span>
    </p>

    <p class='ocr_par' dir='ltr' id='par_1_5' title="bbox 205 1743 1279 1835">
     <span class='ocr_line' id='line_1_11' title="bbox 205 1743 1279 1835; baseline 0 -22"><span class='ocrx_word' id='word_1_63' title='bbox 205 1756 237 1813; x_wconf 88' lang='lat'>10</span> <span class='ocrx_word' id='word_1_64' title='bbox 254 1745 333 1812; x_wconf 89' lang='lat' dir='ltr'><strong>VII.</strong></span> <span class='ocrx_word' id='word_1_65' title='bbox 351 1746 420 1811; x_wconf 88' lang='lat' dir='ltr'>Iste</span> <span class='ocrx_word' id='word_1_66' title='bbox 436 1764 538 1830; x_wconf 88' lang='lat' dir='ltr'>nepos</span> <span class='ocrx_word' id='word_1_67' title='bbox 553 1750 630 1831; x_wconf 88' lang='lat' dir='ltr'>post</span> <span class='ocrx_word' id='word_1_68' title='bbox 648 1748 789 1810; x_wconf 89' lang='lat' dir='ltr'>mortem</span> <span class='ocrx_word' id='word_1_69' title='bbox 813 1744 971 1831; x_wconf 82' lang='lat' dir='ltr'>apparuit</span> <span class='ocrx_word' id='word_1_70' title='bbox 987 1743 1122 1813; x_wconf 80' lang='lat' dir='ltr'>cuidem</span> <span class='ocrx_word' id='word_1_71' title='bbox 1137 1746 1173 1813; x_wconf 90' lang='lat' dir='ltr'>in</span> <span class='ocrx_word' id='word_1_72' title='bbox 1184 1744 1279 1835; x_wconf 79' lang='lat' dir='ltr'>specie</span> 
     </span>
    </p>

    <p class='ocr_par' dir='ltr' id='par_1_6' title="bbox 254 1848 1279 1938">
     <span class='ocr_line' id='line_1_12' title="bbox 254 1848 1279 1938; baseline 0.003 -22"><span class='ocrx_word' id='word_1_73' title='bbox 254 1852 460 1918; x_wconf 80' lang='lat' dir='ltr'>monstruosi</span> <span class='ocrx_word' id='word_1_74' title='bbox 485 1851 642 1917; x_wconf 81' lang='lat' dir='ltr'>animulis</span> <span class='ocrx_word' id='word_1_75' title='bbox 667 1850 825 1919; x_wconf 82' lang='lat' dir='ltr'>habentis</span> <span class='ocrx_word' id='word_1_76' title='bbox 854 1855 1013 1938; x_wconf 85' lang='lat' dir='ltr'>caputet</span> <span class='ocrx_word' id='word_1_77' title='bbox 1040 1849 1184 1918; x_wconf 78' lang='lat' dir='ltr'>cundum</span> <span class='ocrx_word' id='word_1_78' title='bbox 1205 1848 1279 1919; x_wconf 75' lang='lat' dir='ltr'>uiri</span> 
     </span>
    </p>

    <p class='ocr_par' dir='ltr' id='par_1_7' title="bbox 254 1956 1280 2046">
     <span class='ocr_line' id='line_1_13' title="bbox 254 1956 1280 2046; baseline 0.004 -23"><span class='ocrx_word' id='word_1_79' title='bbox 254 1964 289 2025; x_wconf 90' lang='lat' dir='ltr'>et</span> <span class='ocrx_word' id='word_1_80' title='bbox 304 1959 468 2045; x_wconf 83' lang='lat' dir='ltr'>reliquum</span> <span class='ocrx_word' id='word_1_81' title='bbox 493 1960 577 2024; x_wconf 84' lang='lat' dir='ltr'>ursi.</span> <span class='ocrx_word' id='word_1_82' title='bbox 594 1959 683 2026; x_wconf 82' lang='lat' dir='ltr'>Dicit</span> <span class='ocrx_word' id='word_1_83' title='bbox 703 1960 932 2046; x_wconf 86' lang='lat' dir='ltr'>conspectori:</span> <span class='ocrx_word' id='word_1_84' title='bbox 961 1987 977 2014; x_wconf 67' lang='lat' dir='ltr'><em>a</em></span> <span class='ocrx_word' id='word_1_85' title='bbox 993 1958 1088 2045; x_wconf 82' lang='lat' dir='ltr'>Pupu</span> <span class='ocrx_word' id='word_1_86' title='bbox 1104 1956 1171 2029; x_wconf 86' lang='lat' dir='ltr'>init</span> <span class='ocrx_word' id='word_1_87' title='bbox 1186 1958 1280 2027; x_wconf 83' lang='lat' dir='ltr'>Bene·</span> 
     </span>
    </p>

    <p class='ocr_par' dir='ltr' id='par_1_8' title="bbox 254 2063 1280 2256">
     <span class='ocr_line' id='line_1_14' title="bbox 254 2063 1280 2144; baseline 0.006 -15"><span class='ocrx_word' id='word_1_88' title='bbox 254 2063 367 2131; x_wconf 89' lang='lat' dir='ltr'>dictus</span> <span class='ocrx_word' id='word_1_89' title='bbox 379 2064 589 2132; x_wconf 88' lang='lat' dir='ltr'>maledictus.</span> <span class='ocrx_word' id='word_1_90' title='bbox 605 2064 699 2133; x_wconf 91' lang='lat' dir='ltr'>Sicut</span> <span class='ocrx_word' id='word_1_91' title='bbox 722 2064 911 2133; x_wconf 80' lang='lat' dir='ltr'>bestialiter</span> <span class='ocrx_word' id='word_1_92' title='bbox 929 2064 1014 2144; x_wconf 86' lang='lat' dir='ltr'>uixi,</span> <span class='ocrx_word' id='word_1_93' title='bbox 1040 2066 1092 2133; x_wconf 83' lang='lat' dir='ltr'>itu</span> <span class='ocrx_word' id='word_1_94' title='bbox 1106 2064 1280 2137; x_wconf 67' lang='lat' dir='ltr'>bestialiter</span> 
     </span>
     <span class='ocr_line' id='line_1_15' title="bbox 260 2179 472 2256; baseline 0.005 -19"><span class='ocrx_word' id='word_1_95' title='bbox 260 2179 434 2256; x_wconf 89' lang='lat' dir='ltr'>torqueor.</span> <span class='ocrx_word' id='word_1_96' title='bbox 457 2201 472 2229; x_wconf 74' lang='grc' dir='ltr'>ι</span> 
     </span>
    </p>
   </div>
   <div class='ocr_carea' id='block_1_5' title="bbox 302 2394 1281 2487">
    <p class='ocr_par' dir='ltr' id='par_1_9' title="bbox 302 2394 1281 2487">
     <span class='ocr_line' id='line_1_16' title="bbox 302 2394 1281 2487; baseline 0.006 -28"><span class='ocrx_word' id='word_1_97' title='bbox 302 2394 365 2461; x_wconf 87' lang='lat' dir='ltr'>illo</span> <span class='ocrx_word' id='word_1_98' title='bbox 383 2398 545 2482; x_wconf 88' lang='lat' dir='ltr'>tempore,</span> <span class='ocrx_word' id='word_1_99' title='bbox 575 2402 714 2463; x_wconf 84' lang='lat' dir='ltr'>sanctus</span> <span class='ocrx_word' id='word_1_100' title='bbox 739 2395 913 2465; x_wconf 85' lang='lat' dir='ltr'>Gerardus</span> <span class='ocrx_word' id='word_1_101' title='bbox 932 2400 968 2465; x_wconf 91' lang='lat' dir='ltr'>in</span> <span class='ocrx_word' id='word_1_102' title='bbox 986 2397 1141 2487; x_wconf 78' lang='lat' dir='ltr'>Ungurio</span> <span class='ocrx_word' id='word_1_103' title='bbox 1161 2414 1281 2467; x_wconf 71' lang='lat' dir='ltr'>corone</span> 
     </span>
    </p>
   </div>
   <div class='ocr_carea' id='block_1_6' title="bbox 257 2506 326 2565">
    <p class='ocr_par' dir='ltr' id='par_1_10' title="bbox 257 2506 326 2565">
     <span class='ocr_line' id='line_1_17' title="bbox 257 2506 326 2565; baseline 0 0"><span class='ocrx_word' id='word_1_104' title='bbox 257 2506 326 2565; x_wconf 86' lang='lat' dir='ltr'>tur.</span> 
     </span>
    </p>
   </div>
   <div class='ocr_carea' id='block_1_7' title="bbox 369 2734 1186 2822">
    <p class='ocr_par' dir='ltr' id='par_1_11' title="bbox 369 2734 1186 2822">
     <span class='ocr_line' id='line_1_18' title="bbox 369 2734 1186 2822; baseline 0.007 -23"><span class='ocrx_word' id='word_1_105' title='bbox 369 2736 413 2799; x_wconf 78' lang='lat' dir='ltr'>De</span> <span class='ocrx_word' id='word_1_106' title='bbox 426 2734 582 2818; x_wconf 76' lang='lat' dir='ltr'>Greqorio</span> <span class='ocrx_word' id='word_1_107' title='bbox 603 2734 651 2801; x_wconf 86' lang='lat' dir='ltr'>VI</span> <span class='ocrx_word' id='word_1_108' title='bbox 663 2746 695 2801; x_wconf 89' lang='lat' dir='ltr'>et</span> <span class='ocrx_word' id='word_1_109' title='bbox 705 2734 904 2805; x_wconf 75' lang='lat' dir='ltr'>miraculosa</span> <span class='ocrx_word' id='word_1_110' title='bbox 917 2736 1090 2822; x_wconf 74' lang='lat' dir='ltr'>sepultura</span> <span class='ocrx_word' id='word_1_111' title='bbox 1112 2756 1186 2805; x_wconf 77' lang='lat' dir='ltr'>rua.</span> 
     </span>
    </p>
   </div>
   <div class='ocr_carea' id='block_1_8' title="bbox 203 2952 1288 4117">
    <p class='ocr_par' dir='ltr' id='par_1_12' title="bbox 203 2952 1288 4117">
     <span class='ocr_line' id='line_1_19' title="bbox 301 2952 1282 3041; baseline -0.004 -21"><span class='ocrx_word' id='word_1_112' title='bbox 301 2955 429 3021; x_wconf 89' lang='lat' dir='ltr'>Iterum</span> <span class='ocrx_word' id='word_1_113' title='bbox 442 2954 483 3020; x_wconf 91' lang='lat' dir='ltr'>de</span> <span class='ocrx_word' id='word_1_114' title='bbox 497 2954 661 3041; x_wconf 83' lang='lat' dir='ltr'>Gregorio</span> <span class='ocrx_word' id='word_1_115' title='bbox 674 2955 734 3022; x_wconf 89' lang='lat' dir='ltr'>VI.</span> <span class='ocrx_word' id='word_1_116' title='bbox 751 2955 822 3021; x_wconf 88' lang='lat' dir='ltr'>Iste</span> <span class='ocrx_word' id='word_1_117' title='bbox 833 2954 1018 3041; x_wconf 83' lang='lat' dir='ltr'>Gregorius</span> <span class='ocrx_word' id='word_1_118' title='bbox 1031 2952 1094 3033; x_wconf 87' lang='lat' dir='ltr'>Vi,</span> <span class='ocrx_word' id='word_1_119' title='bbox 1109 2952 1282 3025; x_wconf 70' lang='lat' dir='ltr'>Romnuuc</span> 
     </span>
     <span class='ocr_line' id='line_1_20' title="bbox 258 3060 1284 3150; baseline -0.002 -21"><span class='ocrx_word' id='word_1_120' title='bbox 258 3062 346 3129; x_wconf 91' lang='lat' dir='ltr'>sedit</span> <span class='ocrx_word' id='word_1_121' title='bbox 359 3063 459 3129; x_wconf 85' lang='lat' dir='ltr'>annis</span> <span class='ocrx_word' id='word_1_122' title='bbox 476 3061 617 3141; x_wconf 87' lang='lat' dir='ltr'>dnobus,</span> <span class='ocrx_word' id='word_1_123' title='bbox 649 3062 819 3129; x_wconf 87' lang='lat' dir='ltr'>mensibus</span> <span class='ocrx_word' id='word_1_124' title='bbox 844 3067 984 3150; x_wconf 87' lang='lat' dir='ltr'>septem.</span> <span class='ocrx_word' id='word_1_125' title='bbox 1022 3060 1087 3129; x_wconf 90' lang='lat' dir='ltr'>Hic</span> <span class='ocrx_word' id='word_1_126' title='bbox 1111 3080 1188 3129; x_wconf 84' lang='lat' dir='ltr'>cunr</span> <span class='ocrx_word' id='word_1_127' title='bbox 1216 3072 1284 3145; x_wconf 63' lang='lat' dir='ltr'>rest</span> 
     </span>
     <span class='ocr_line' id='line_1_21' title="bbox 203 3168 1286 3249; baseline 0.005 -21"><span class='ocrx_word' id='word_1_128' title='bbox 203 3172 239 3230; x_wconf 72' lang='lat'>20</span> <span class='ocrx_word' id='word_1_129' title='bbox 259 3170 404 3235; x_wconf 88' lang='lat' dir='ltr'>Henrico</span> <span class='ocrx_word' id='word_1_130' title='bbox 418 3168 536 3236; x_wconf 85' lang='lat' dir='ltr'>habuit</span> <span class='ocrx_word' id='word_1_131' title='bbox 550 3169 685 3235; x_wconf 87' lang='lat' dir='ltr'>bellum.</span> <span class='ocrx_word' id='word_1_132' title='bbox 706 3168 881 3236; x_wconf 91' lang='lat' dir='ltr'>Gilhemus</span> <span class='ocrx_word' id='word_1_133' title='bbox 895 3174 1048 3249; x_wconf 82' lang='lat' dir='ltr'>sanctus,</span> <span class='ocrx_word' id='word_1_134' title='bbox 1076 3170 1113 3235; x_wconf 90' lang='lat' dir='ltr'>in</span> <span class='ocrx_word' id='word_1_135' title='bbox 1135 3168 1207 3235; x_wconf 79' lang='lat' dir='ltr'>suis</span> <span class='ocrx_word' id='word_1_136' title='bbox 1221 3180 1286 3233; x_wconf 84' lang='lat' dir='ltr'>cre·</span> 
     </span>
     <span class='ocr_line' id='line_1_22' title="bbox 258 3268 1286 3365; baseline 0.001 -24"><span class='ocrx_word' id='word_1_137' title='bbox 258 3277 355 3354; x_wconf 83' lang='lat' dir='ltr'>uicis,</span> <span class='ocrx_word' id='word_1_138' title='bbox 374 3275 456 3342; x_wconf 89' lang='lat' dir='ltr'>‹lioit</span> <span class='ocrx_word' id='word_1_139' title='bbox 471 3277 574 3342; x_wconf 88' lang='lat' dir='ltr'>istum</span> <span class='ocrx_word' id='word_1_140' title='bbox 588 3282 743 3343; x_wconf 84' lang='lat' dir='ltr'>sanctum</span> <span class='ocrx_word' id='word_1_141' title='bbox 763 3295 850 3343; x_wconf 88' lang='lat' dir='ltr'>esse.</span> <span class='ocrx_word' id='word_1_142' title='bbox 881 3276 976 3343; x_wconf 85' lang='lat' dir='ltr'>Tunc</span> <span class='ocrx_word' id='word_1_143' title='bbox 1000 3276 1180 3365; x_wconf 77' lang='lat' dir='ltr'>temporis,</span> <span class='ocrx_word' id='word_1_144' title='bbox 1207 3268 1286 3363; x_wconf 78' lang='lat' dir='ltr'>peri·</span> 
     </span>
     <span class='ocr_line' id='line_1_23' title="bbox 258 3380 1286 3471; baseline 0.001 -23"><span class='ocrx_word' id='word_1_145' title='bbox 258 3385 347 3471; x_wconf 78' lang='lat' dir='ltr'>grini</span> <span class='ocrx_word' id='word_1_146' title='bbox 361 3384 500 3450; x_wconf 84' lang='lat' dir='ltr'>Romam</span> <span class='ocrx_word' id='word_1_147' title='bbox 508 3385 711 3451; x_wconf 81' lang='lat' dir='ltr'>uenientesa</span> <span class='ocrx_word' id='word_1_148' title='bbox 722 3383 912 3450; x_wconf 84' lang='lat' dir='ltr'>latronibus</span> <span class='ocrx_word' id='word_1_149' title='bbox 923 3382 1172 3471; x_wconf 78' lang='lat' dir='ltr'>spoliabuntur3</span> <span class='ocrx_word' id='word_1_150' title='bbox 1186 3380 1286 3449; x_wconf 73' lang='lat' dir='ltr'>eruut·</span> 
     </span>
     <span class='ocr_line' id='line_1_24' title="bbox 258 3490 1287 3579; baseline -0.002 -22"><span class='ocrx_word' id='word_1_151' title='bbox 258 3511 322 3576; x_wconf 91' lang='lat' dir='ltr'>que</span> <span class='ocrx_word' id='word_1_152' title='bbox 335 3491 432 3559; x_wconf 91' lang='lat' dir='ltr'>multi</span> <span class='ocrx_word' id='word_1_153' title='bbox 444 3496 599 3577; x_wconf 84' lang='lat' dir='ltr'>raptores</span> <span class='ocrx_word' id='word_1_154' title='bbox 614 3498 649 3559; x_wconf 88' lang='lat' dir='ltr'>et</span> <span class='ocrx_word' id='word_1_155' title='bbox 663 3490 848 3559; x_wconf 85' lang='lat' dir='ltr'>uiolatores</span> <span class='ocrx_word' id='word_1_156' title='bbox 875 3492 968 3579; x_wconf 86' lang='lat' dir='ltr'>pacis</span> <span class='ocrx_word' id='word_1_157' title='bbox 985 3496 1020 3559; x_wconf 87' lang='lat' dir='ltr'>et</span> <span class='ocrx_word' id='word_1_158' title='bbox 1039 3490 1193 3561; x_wconf 81' lang='lat' dir='ltr'>latrones</span> <span class='ocrx_word' id='word_1_159' title='bbox 1216 3500 1287 3577; x_wconf 72' lang='lat' dir='ltr'>qut</span> 
     </span>
     <span class='ocr_line' id='line_1_25' title="bbox 258 3592 1282 3685; baseline 0.004 -24"><span class='ocrx_word' id='word_1_160' title='bbox 258 3596 344 3662; x_wconf 90' lang='lat' dir='ltr'>idem</span> <span class='ocrx_word' id='word_1_161' title='bbox 364 3606 502 3665; x_wconf 83' lang='lat' dir='ltr'>sanctus</span> <span class='ocrx_word' id='word_1_162' title='bbox 515 3618 601 3684; x_wconf 85' lang='lat' dir='ltr'>papa</span> <span class='ocrx_word' id='word_1_163' title='bbox 616 3598 803 3665; x_wconf 84' lang='lat' dir='ltr'>ammonuit</span> <span class='ocrx_word' id='word_1_164' title='bbox 813 3598 935 3685; x_wconf 89' lang='lat' dir='ltr'>primo,</span> <span class='ocrx_word' id='word_1_165' title='bbox 953 3597 1101 3666; x_wconf 86' lang='lat' dir='ltr'>secundo</span> <span class='ocrx_word' id='word_1_166' title='bbox 1123 3602 1161 3667; x_wconf 90' lang='lat' dir='ltr'>et</span> <span class='ocrx_word' id='word_1_167' title='bbox 1181 3592 1282 3665; x_wconf 76' lang='lat' dir='ltr'>oruc</span> 
     </span>
     <span class='ocr_line' id='line_1_26' title="bbox 257 3698 1287 3780; baseline 0.001 -10"><span class='ocrx_word' id='word_1_168' title='bbox 257 3706 346 3780; x_wconf 83' lang='lat' dir='ltr'>Quos</span> <span class='ocrx_word' id='word_1_169' title='bbox 372 3724 438 3771; x_wconf 91' lang='lat' dir='ltr'>non</span> <span class='ocrx_word' id='word_1_170' title='bbox 460 3703 655 3773; x_wconf 85' lang='lat' dir='ltr'>emendatos</span> <span class='ocrx_word' id='word_1_171' title='bbox 684 3705 754 3770; x_wconf 87' lang='lat' dir='ltr'>suis</span> <span class='ocrx_word' id='word_1_172' title='bbox 778 3703 1020 3771; x_wconf 79' lang='lat' dir='ltr'>monitionibus</span> <span class='ocrx_word' id='word_1_173' title='bbox 1047 3724 1124 3771; x_wconf 85' lang='lat' dir='ltr'>cum</span> <span class='ocrx_word' id='word_1_174' title='bbox 1150 3698 1287 3771; x_wconf 73' lang='lat' dir='ltr'>exoret·</span> 
     </span>
     <span class='ocr_line' id='line_1_27' title="bbox 256 3804 1288 3900; baseline 0.005 -23"><span class='ocrx_word' id='word_1_175' title='bbox 256 3812 379 3880; x_wconf 88' lang='lat' dir='ltr'>occidit</span> <span class='ocrx_word' id='word_1_176' title='bbox 393 3818 427 3879; x_wconf 90' lang='lat' dir='ltr'>et</span> <span class='ocrx_word' id='word_1_177' title='bbox 439 3813 574 3899; x_wconf 86' lang='lat' dir='ltr'>penitus</span> <span class='ocrx_word' id='word_1_178' title='bbox 590 3814 750 3881; x_wconf 83' lang='lat' dir='ltr'>extinxit.</span> <span class='ocrx_word' id='word_1_179' title='bbox 775 3812 817 3880; x_wconf 88' lang='lat' dir='ltr'>Et</span> <span class='ocrx_word' id='word_1_180' title='bbox 842 3812 891 3879; x_wconf 88' lang='lat' dir='ltr'>sic</span> <span class='ocrx_word' id='word_1_181' title='bbox 904 3812 1138 3900; x_wconf 82' lang='lat' dir='ltr'>possessiones</span> <span class='ocrx_word' id='word_1_182' title='bbox 1167 3804 1288 3881; x_wconf 65' lang='lat' dir='ltr'>Sancti·</span> 
     </span>
     <span class='ocr_line' id='line_1_28' title="bbox 258 3920 1285 4008; baseline 0.002 -21"><span class='ocrx_word' id='word_1_183' title='bbox 258 3922 352 3989; x_wconf 86' lang='lat' dir='ltr'>Petri</span> <span class='ocrx_word' id='word_1_184' title='bbox 365 3940 447 4008; x_wconf 84' lang='lat' dir='ltr'>quos</span> <span class='ocrx_word' id='word_1_185' title='bbox 459 3920 621 3988; x_wconf 84' lang='lat' dir='ltr'>tenebunt</span> <span class='ocrx_word' id='word_1_186' title='bbox 636 3920 859 4007; x_wconf 85' lang='lat' dir='ltr'>recuperauit.</span> <span class='ocrx_word' id='word_1_187' title='bbox 888 3920 932 3989; x_wconf 85' lang='lat' dir='ltr'>Et</span> <span class='ocrx_word' id='word_1_188' title='bbox 953 3921 1003 3988; x_wconf 89' lang='lat' dir='ltr'>sic</span> <span class='ocrx_word' id='word_1_189' title='bbox 1020 3922 1163 3989; x_wconf 81' lang='lat' dir='ltr'>ueniens</span> <span class='ocrx_word' id='word_1_190' title='bbox 1181 3920 1285 3989; x_wconf 75' lang='lat' dir='ltr'>Rom·</span> 
     </span>
     <span class='ocr_line' id='line_1_29' title="bbox 258 4016 1287 4117; baseline 0.003 -21"><span class='ocrx_word' id='word_1_191' title='bbox 258 4029 358 4110; x_wconf 84' lang='lat' dir='ltr'>sedit,</span> <span class='ocrx_word' id='word_1_192' title='bbox 375 4028 455 4098; x_wconf 84' lang='lat' dir='ltr'>iecit</span> <span class='ocrx_word' id='word_1_193' title='bbox 467 4050 543 4115; x_wconf 88' lang='lat' dir='ltr'>que,</span> <span class='ocrx_word' id='word_1_194' title='bbox 557 4036 595 4097; x_wconf 90' lang='lat' dir='ltr'>nt</span> <span class='ocrx_word' id='word_1_195' title='bbox 612 4028 757 4117; x_wconf 85' lang='lat' dir='ltr'>predixi,</span> <span class='ocrx_word' id='word_1_196' title='bbox 771 4028 876 4097; x_wconf 86' lang='lat' dir='ltr'>elium</span> <span class='ocrx_word' id='word_1_197' title='bbox 891 4048 1003 4097; x_wconf 88' lang='lat' dir='ltr'>secum</span> <span class='ocrx_word' id='word_1_198' title='bbox 1014 4028 1220 4111; x_wconf 70' lang='lat' dir='ltr'>consecuti,</span> <span class='ocrx_word' id='word_1_199' title='bbox 1239 4016 1287 4113; x_wconf 69' lang='grc' dir='ltr'>φῖ</span> 
     </span>
    </p>
   </div>
   <div class='ocr_carea' id='block_1_9' title="bbox 0 0 1469 5046">
    <p class='ocr_par' dir='ltr' id='par_1_13' title="bbox 0 0 1469 5046">
     <span class='ocr_line' id='line_1_30' title="bbox 0 0 1469 5046; baseline 0 0"><span class='ocrx_word' id='word_1_200' title='bbox 0 0 1469 5046; x_wconf 95' lang='lat' dir='ltr'> </span> 
     </span>
    </p>
   </div>
  </div>
 </body>
</html>
