<?xml version="1.0" encoding="UTF-8"?>
<!DOCTYPE html PUBLIC "-//W3C//DTD XHTML 1.0 Transitional//EN"
    "http://www.w3.org/TR/xhtml1/DTD/xhtml1-transitional.dtd">
<html xmlns="http://www.w3.org/1999/xhtml" xml:lang="en" lang="en">
 <head>
  <title>
</title>
<meta http-equiv="Content-Type" content="text/html;charset=utf-8" />
  <meta name='ocr-system' content='tesseract 3.04.00' />
  <meta name='ocr-capabilities' content='ocr_page ocr_carea ocr_par ocr_line ocrx_word'/>
</head>
<body>
  <div class='ocr_page' id='page_1' title='image "./chroniquedelabb00fragoog_0304.png"; bbox 0 0 2970 5430; ppageno 0'>
   <div class='ocr_carea' id='block_1_1' title="bbox 708 458 868 516">
    <p class='ocr_par' dir='ltr' id='par_1_1' title="bbox 708 458 868 516">
     <span class='ocr_line' id='line_1_1' title="bbox 708 458 868 516; baseline 0 -13"><span class='ocrx_word' id='word_1_1' title='bbox 708 458 868 516; x_wconf 66' lang='lat'>..2¹10-</span> 
     </span>
    </p>
   </div>
   <div class='ocr_carea' id='block_1_2' title="bbox 265 584 1280 683">
    <p class='ocr_par' dir='ltr' id='par_1_2' title="bbox 265 584 1280 683">
     <span class='ocr_line' id='line_1_2' title="bbox 265 584 1280 683; baseline -0.01 -21"><span class='ocrx_word' id='word_1_2' title='bbox 265 616 327 683; x_wconf 92' lang='lat' dir='ltr'><strong>per</strong></span> <span class='ocrx_word' id='word_1_3' title='bbox 337 613 448 682; x_wconf 89' lang='lat' dir='ltr'><strong>pares,</strong></span> <span class='ocrx_word' id='word_1_4' title='bbox 461 612 522 679; x_wconf 91' lang='lat' dir='ltr'><strong>per</strong></span> <span class='ocrx_word' id='word_1_5' title='bbox 532 610 688 679; x_wconf 89' lang='lat' dir='ltr'><strong>proceres</strong></span> <span class='ocrx_word' id='word_1_6' title='bbox 704 595 739 656; x_wconf 89' lang='lat' dir='ltr'><strong>et</strong></span> <span class='ocrx_word' id='word_1_7' title='bbox 752 588 909 667; x_wconf 89' lang='lat' dir='ltr'><strong>barones,</strong></span> <span class='ocrx_word' id='word_1_8' title='bbox 921 584 1280 676; x_wconf 80' lang='lat' dir='ltr'><strong>percomitesatducas,</strong></span> 
     </span>
    </p>
   </div>
   <div class='ocr_carea' id='block_1_3' title="bbox 265 692 1283 890">
    <p class='ocr_par' dir='ltr' id='par_1_3' title="bbox 265 692 1283 890">
     <span class='ocr_line' id='line_1_3' title="bbox 265 692 1283 793; baseline -0.01 -23"><span class='ocrx_word' id='word_1_9' title='bbox 265 725 325 793; x_wconf 91' lang='lat' dir='ltr'><strong>per</strong></span> <span class='ocrx_word' id='word_1_10' title='bbox 336 700 493 790; x_wconf 91' lang='lat' dir='ltr'><strong>populum</strong></span> <span class='ocrx_word' id='word_1_11' title='bbox 506 701 715 765; x_wconf 84' lang='lat' dir='ltr'><strong>Francorum</strong></span> <span class='ocrx_word' id='word_1_12' title='bbox 728 702 762 764; x_wconf 87' lang='lat' dir='ltr'><strong>et</strong></span> <span class='ocrx_word' id='word_1_13' title='bbox 775 696 914 764; x_wconf 79' lang='lat' dir='ltr'><strong>milites.</strong></span> <span class='ocrx_word' id='word_1_14' title='bbox 939 694 1004 763; x_wconf 90' lang='lat' dir='ltr'><strong>Sed</strong></span> <span class='ocrx_word' id='word_1_15' title='bbox 1025 692 1216 784; x_wconf 82' lang='lat' dir='ltr'><strong>proditione</strong></span> <span class='ocrx_word' id='word_1_16' title='bbox 1229 692 1283 761; x_wconf 75' lang='lat' dir='ltr'><strong>ds·</strong></span> 
     </span>
     <span class='ocr_line' id='line_1_4' title="bbox 266 804 926 890; baseline -0.006 -16"><span class='ocrx_word' id='word_1_17' title='bbox 266 805 417 874; x_wconf 90' lang='lat' dir='ltr'><strong>neleonis</strong></span> <span class='ocrx_word' id='word_1_18' title='bbox 430 804 564 871; x_wconf 88' lang='lat' dir='ltr'><strong>comitis</strong></span> <span class='ocrx_word' id='word_1_19' title='bbox 580 805 704 872; x_wconf 90' lang='lat' dir='ltr'><strong>mortui</strong></span> <span class='ocrx_word' id='word_1_20' title='bbox 722 807 802 870; x_wconf 89' lang='lat' dir='ltr'><strong>sunt</strong></span> <span class='ocrx_word' id='word_1_21' title='bbox 814 822 926 890; x_wconf 87' lang='lat' dir='ltr'><strong>pares.</strong></span> 
     </span>
    </p>
   </div>
   <div class='ocr_carea' id='block_1_4' title="bbox 219 1014 1297 2152">
    <p class='ocr_par' dir='ltr' id='par_1_4' title="bbox 312 1014 1062 1102">
     <span class='ocr_line' id='line_1_5' title="bbox 312 1014 1062 1102; baseline -0.003 -19"><span class='ocrx_word' id='word_1_22' title='bbox 312 1017 459 1083; x_wconf 92' lang='lat' dir='ltr'><strong>Karolus</strong></span> <span class='ocrx_word' id='word_1_23' title='bbox 475 1015 614 1082; x_wconf 82' lang='lat' dir='ltr'><strong>Colonia</strong></span> <span class='ocrx_word' id='word_1_24' title='bbox 626 1014 710 1082; x_wconf 91' lang='lat' dir='ltr'><strong>duos</strong></span> <span class='ocrx_word' id='word_1_25' title='bbox 723 1021 842 1102; x_wconf 89' lang='lat' dir='ltr'><strong>pontes</strong></span> <span class='ocrx_word' id='word_1_26' title='bbox 857 1014 1062 1083; x_wconf 81' lang='lat' dir='ltr'><strong>construxit.</strong></span> 
     </span>
    </p>

    <p class='ocr_par' dir='ltr' id='par_1_5' title="bbox 268 1120 1293 1628">
     <span class='ocr_line' id='line_1_6' title="bbox 312 1120 1287 1210; baseline -0.003 -20"><span class='ocrx_word' id='word_1_27' title='bbox 312 1124 376 1190; x_wconf 89' lang='lat' dir='ltr'><strong>Hic</strong></span> <span class='ocrx_word' id='word_1_28' title='bbox 400 1123 538 1190; x_wconf 81' lang='lat' dir='ltr'><strong>barbam</strong></span> <span class='ocrx_word' id='word_1_29' title='bbox 561 1122 729 1210; x_wconf 81' lang='lat' dir='ltr'><strong>prolixam</strong></span> <span class='ocrx_word' id='word_1_30' title='bbox 754 1121 900 1189; x_wconf 90' lang='lat' dir='ltr'><strong>habebat</strong></span> <span class='ocrx_word' id='word_1_31' title='bbox 926 1120 968 1188; x_wconf 91' lang='lat' dir='ltr'><strong>ad</strong></span> <span class='ocrx_word' id='word_1_32' title='bbox 992 1140 1188 1189; x_wconf 83' lang='lat' dir='ltr'><strong>mansuram</strong></span> <span class='ocrx_word' id='word_1_33' title='bbox 1208 1122 1287 1189; x_wconf 86' lang='lat' dir='ltr'><strong>uuim</strong></span> 
     </span>
     <span class='ocr_line' id='line_1_7' title="bbox 268 1227 1288 1320; baseline -0.003 -22"><span class='ocrx_word' id='word_1_34' title='bbox 268 1233 385 1320; x_wconf 89' lang='lat' dir='ltr'><strong>pedis;</strong></span> <span class='ocrx_word' id='word_1_35' title='bbox 410 1231 484 1299; x_wconf 91' lang='lat' dir='ltr'><strong>cibo</strong></span> <span class='ocrx_word' id='word_1_36' title='bbox 506 1236 653 1318; x_wconf 90' lang='lat' dir='ltr'><strong>potuque</strong></span> <span class='ocrx_word' id='word_1_37' title='bbox 675 1230 1006 1316; x_wconf 80' lang='lat' dir='ltr'><strong>temperantissimus</strong></span> <span class='ocrx_word' id='word_1_38' title='bbox 1031 1227 1122 1309; x_wconf 81' lang='lat' dir='ltr'><strong>iuit3</strong></span> <span class='ocrx_word' id='word_1_39' title='bbox 1148 1246 1288 1318; x_wconf 83' lang='lat' dir='ltr'><strong>pauperes</strong></span> 
     </span>
     <span class='ocr_line' id='line_1_8' title="bbox 269 1333 1290 1424; baseline -0.005 -19"><span class='ocrx_word' id='word_1_40' title='bbox 269 1339 429 1417; x_wconf 84' lang='lat' dir='ltr'><strong>fouebat;</strong></span> <span class='ocrx_word' id='word_1_41' title='bbox 446 1337 553 1403; x_wconf 90' lang='lat' dir='ltr'><strong>malos</strong></span> <span class='ocrx_word' id='word_1_42' title='bbox 568 1335 773 1424; x_wconf 90' lang='lat' dir='ltr'><strong>reprimebat</strong></span> <span class='ocrx_word' id='word_1_43' title='bbox 787 1358 795 1415; x_wconf 91' lang='lat'>;</span> <span class='ocrx_word' id='word_1_44' title='bbox 814 1334 919 1402; x_wconf 92' lang='lat' dir='ltr'><strong>bonos</strong></span> <span class='ocrx_word' id='word_1_45' title='bbox 931 1334 1089 1414; x_wconf 57' lang='lat' dir='ltr'><strong>amabam</strong></span> <span class='ocrx_word' id='word_1_46' title='bbox 1106 1333 1237 1414; x_wconf 79' lang='lat' dir='ltr'><strong>viduas,</strong></span> <span class='ocrx_word' id='word_1_47' title='bbox 1248 1352 1290 1400; x_wconf 85' lang='lat' dir='ltr'><strong>or·</strong></span> 
     </span>
     <span class='ocr_line' id='line_1_9' title="bbox 269 1438 1292 1534; baseline -0.008 -21"><span class='ocrx_word' id='word_1_48' title='bbox 269 1448 398 1534; x_wconf 89' lang='lat' dir='ltr'><strong>phanos</strong></span> <span class='ocrx_word' id='word_1_49' title='bbox 413 1449 448 1512; x_wconf 90' lang='lat' dir='ltr'><strong>et</strong></span> <span class='ocrx_word' id='word_1_50' title='bbox 462 1443 606 1531; x_wconf 90' lang='lat' dir='ltr'><strong>pupillos</strong></span> <span class='ocrx_word' id='word_1_51' title='bbox 628 1441 841 1509; x_wconf 89' lang='lat' dir='ltr'><strong>custodiebat</strong></span> <span class='ocrx_word' id='word_1_52' title='bbox 855 1464 863 1521; x_wconf 92' lang='grc'><strong>;</strong></span> <span class='ocrx_word' id='word_1_53' title='bbox 881 1441 1065 1507; x_wconf 90' lang='lat' dir='ltr'><strong>multorum</strong></span> <span class='ocrx_word' id='word_1_54' title='bbox 1086 1438 1292 1508; x_wconf 85' lang='lat' dir='ltr'><strong>monasterio·</strong></span> 
     </span>
     <span class='ocr_line' id='line_1_10' title="bbox 269 1544 1293 1628; baseline -0.006 -8"><span class='ocrx_word' id='word_1_55' title='bbox 269 1573 344 1620; x_wconf 92' lang='lat' dir='ltr'><strong>rum</strong></span> <span class='ocrx_word' id='word_1_56' title='bbox 367 1551 528 1618; x_wconf 88' lang='lat' dir='ltr'><strong>fundator</strong></span> <span class='ocrx_word' id='word_1_57' title='bbox 546 1548 612 1618; x_wconf 83' lang='lat' dir='ltr'><strong>luit</strong></span> <span class='ocrx_word' id='word_1_58' title='bbox 632 1554 666 1617; x_wconf 93' lang='lat' dir='ltr'><strong>et</strong></span> <span class='ocrx_word' id='word_1_59' title='bbox 689 1550 906 1616; x_wconf 88' lang='lat' dir='ltr'><strong>ecclesiarum</strong></span> <span class='ocrx_word' id='word_1_60' title='bbox 928 1571 936 1628; x_wconf 86' lang='lat'><strong>;</strong></span> <span class='ocrx_word' id='word_1_61' title='bbox 957 1547 1045 1616; x_wconf 86' lang='lat' dir='ltr'><strong>filios</strong></span> <span class='ocrx_word' id='word_1_62' title='bbox 1068 1565 1150 1614; x_wconf 90' lang='lat' dir='ltr'><strong>suos</strong></span> <span class='ocrx_word' id='word_1_63' title='bbox 1172 1544 1293 1615; x_wconf 74' lang='lat' dir='ltr'><strong>sedebo</strong></span> 
     </span>
    </p>

    <p class='ocr_par' dir='ltr' id='par_1_6' title="bbox 219 1652 1297 2152">
     <span class='ocr_line' id='line_1_11' title="bbox 219 1652 1292 1745; baseline -0.007 -19"><span class='ocrx_word' id='word_1_64' title='bbox 219 1658 252 1716; x_wconf 82' lang='lat'><strong>¹⁰</strong></span> <span class='ocrx_word' id='word_1_65' title='bbox 270 1660 422 1745; x_wconf 90' lang='lat' dir='ltr'><strong>equitare</strong></span> <span class='ocrx_word' id='word_1_66' title='bbox 438 1662 473 1725; x_wconf 90' lang='lat' dir='ltr'><strong>et</strong></span> <span class='ocrx_word' id='word_1_67' title='bbox 493 1676 640 1735; x_wconf 90' lang='lat' dir='ltr'><strong>armare,</strong></span> <span class='ocrx_word' id='word_1_68' title='bbox 666 1655 756 1722; x_wconf 85' lang='lat' dir='ltr'><strong>filias</strong></span> <span class='ocrx_word' id='word_1_69' title='bbox 777 1674 857 1720; x_wconf 89' lang='lat' dir='ltr'><strong>suas</strong></span> <span class='ocrx_word' id='word_1_70' title='bbox 880 1652 1019 1721; x_wconf 84' lang='lat' dir='ltr'><strong>nolebat</strong></span> <span class='ocrx_word' id='word_1_71' title='bbox 1041 1652 1196 1721; x_wconf 85' lang='lat' dir='ltr'><strong>oociosss</strong></span> <span class='ocrx_word' id='word_1_72' title='bbox 1215 1669 1292 1728; x_wconf 84' lang='lat' dir='ltr'><strong>esse;</strong></span> 
     </span>
     <span class='ocr_line' id='line_1_12' title="bbox 270 1754 1295 1853; baseline -0.008 -21"><span class='ocrx_word' id='word_1_73' title='bbox 270 1785 412 1853; x_wconf 83' lang='lat' dir='ltr'><strong>regnum</strong></span> <span class='ocrx_word' id='word_1_74' title='bbox 441 1764 649 1830; x_wconf 88' lang='lat' dir='ltr'><strong>Francorum</strong></span> <span class='ocrx_word' id='word_1_75' title='bbox 680 1781 780 1848; x_wconf 92' lang='lat' dir='ltr'><strong>quam</strong></span> <span class='ocrx_word' id='word_1_76' title='bbox 813 1760 994 1847; x_wconf 90' lang='lat' dir='ltr'><strong>plurimum</strong></span> <span class='ocrx_word' id='word_1_77' title='bbox 1029 1758 1219 1846; x_wconf 85' lang='lat' dir='ltr'><strong>ampliauit.</strong></span> <span class='ocrx_word' id='word_1_78' title='bbox 1248 1754 1295 1824; x_wconf 80' lang='lat' dir='ltr'><strong>llic</strong></span> 
     </span>
     <span class='ocr_line' id='line_1_13' title="bbox 271 1861 1296 1958; baseline -0.007 -20"><span class='ocrx_word' id='word_1_79' title='bbox 271 1874 374 1939; x_wconf 88' lang='lat' dir='ltr'><strong>etiam</strong></span> <span class='ocrx_word' id='word_1_80' title='bbox 405 1876 549 1958; x_wconf 90' lang='lat' dir='ltr'><strong>quatuor</strong></span> <span class='ocrx_word' id='word_1_81' title='bbox 577 1868 887 1954; x_wconf 84' lang='lat' dir='ltr'><strong>archiepiscopatus</strong></span> <span class='ocrx_word' id='word_1_82' title='bbox 914 1864 1072 1933; x_wconf 88' lang='lat' dir='ltr'><strong>uidelicet</strong></span> <span class='ocrx_word' id='word_1_83' title='bbox 1097 1861 1296 1933; x_wconf 68' lang='lat' dir='ltr'><strong>treverensis</strong></span> 
     </span>
     <span class='ocr_line' id='line_1_14' title="bbox 272 1966 1297 2063; baseline -0.011 -17"><span class='ocrx_word' id='word_1_84' title='bbox 272 1979 484 2047; x_wconf 87' lang='lat' dir='ltr'><strong>Coloniensis</strong></span> <span class='ocrx_word' id='word_1_85' title='bbox 495 1974 780 2063; x_wconf 85' lang='lat' dir='ltr'><strong>Maguntiniensis</strong></span> <span class='ocrx_word' id='word_1_86' title='bbox 796 1977 831 2039; x_wconf 89' lang='lat' dir='ltr'><strong>et</strong></span> <span class='ocrx_word' id='word_1_87' title='bbox 846 1971 1105 2059; x_wconf 83' lang='lat' dir='ltr'><strong>Salubergensis</strong></span> <span class='ocrx_word' id='word_1_88' title='bbox 1122 1968 1240 2039; x_wconf 83' lang='lat' dir='ltr'><strong>multis</strong></span> <span class='ocrx_word' id='word_1_89' title='bbox 1250 1966 1297 2035; x_wconf 87' lang='lat' dir='ltr'><strong>ho·</strong></span> 
     </span>
     <span class='ocr_line' id='line_1_15' title="bbox 274 2081 800 2152; baseline -0.004 -2"><span class='ocrx_word' id='word_1_90' title='bbox 274 2086 327 2151; x_wconf 90' lang='lat' dir='ltr'><strong>nis</strong></span> <span class='ocrx_word' id='word_1_91' title='bbox 342 2090 377 2152; x_wconf 89' lang='lat' dir='ltr'><strong>et</strong></span> <span class='ocrx_word' id='word_1_92' title='bbox 391 2083 576 2151; x_wconf 88' lang='lat' dir='ltr'><strong>honoribus</strong></span> <span class='ocrx_word' id='word_1_93' title='bbox 591 2081 800 2148; x_wconf 91' lang='lat' dir='ltr'><strong>sublimauit.</strong></span> 
     </span>
    </p>
   </div>
   <div class='ocr_carea' id='block_1_5' title="bbox 197 2290 1302 2701">
    <p class='ocr_par' dir='ltr' id='par_1_7' title="bbox 276 2290 1302 2487">
     <span class='ocr_line' id='line_1_16' title="bbox 319 2290 1298 2381; baseline 0.005 -19"><span class='ocrx_word' id='word_1_94' title='bbox 319 2296 404 2362; x_wconf 84' lang='lat' dir='ltr'><strong>Erat</strong></span> <span class='ocrx_word' id='word_1_95' title='bbox 429 2293 576 2359; x_wconf 89' lang='lat' dir='ltr'><strong>Karolus</strong></span> <span class='ocrx_word' id='word_1_96' title='bbox 597 2313 741 2380; x_wconf 84' lang='lat' dir='ltr'><strong>magnus</strong></span> <span class='ocrx_word' id='word_1_97' title='bbox 767 2312 906 2380; x_wconf 93' lang='lat' dir='ltr'><strong>corpore</strong></span> <span class='ocrx_word' id='word_1_98' title='bbox 929 2293 1060 2381; x_wconf 88' lang='lat' dir='ltr'><strong>amplus</strong></span> <span class='ocrx_word' id='word_1_99' title='bbox 1084 2298 1121 2361; x_wconf 90' lang='lat' dir='ltr'><strong>et</strong></span> <span class='ocrx_word' id='word_1_100' title='bbox 1143 2290 1298 2367; x_wconf 72' lang='lat' dir='ltr'><strong>monto.</strong></span> 
     </span>
     <span class='ocr_line' id='line_1_17' title="bbox 276 2396 1302 2487; baseline 0.002 -24"><span class='ocrx_word' id='word_1_101' title='bbox 276 2402 409 2464; x_wconf 88' lang='lat' dir='ltr'><strong>statura</strong></span> <span class='ocrx_word' id='word_1_102' title='bbox 420 2399 600 2477; x_wconf 90' lang='lat' dir='ltr'><strong>eminente,</strong></span> <span class='ocrx_word' id='word_1_103' title='bbox 615 2400 709 2487; x_wconf 88' lang='lat' dir='ltr'><strong>apice</strong></span> <span class='ocrx_word' id='word_1_104' title='bbox 727 2401 847 2487; x_wconf 90' lang='lat' dir='ltr'><strong>capitis</strong></span> <span class='ocrx_word' id='word_1_105' title='bbox 862 2399 1007 2467; x_wconf 92' lang='lat' dir='ltr'><strong>rotundo</strong></span> <span class='ocrx_word' id='word_1_106' title='bbox 1019 2422 1028 2480; x_wconf 90' lang='lat'><strong>;</strong></span> <span class='ocrx_word' id='word_1_107' title='bbox 1042 2399 1160 2467; x_wconf 90' lang='lat' dir='ltr'><strong>oculos</strong></span> <span class='ocrx_word' id='word_1_108' title='bbox 1173 2396 1302 2467; x_wconf 77' lang='lat' dir='ltr'><strong>habeba</strong></span> 
     </span>
    </p>

    <p class='ocr_par' dir='ltr' id='par_1_8' title="bbox 197 2502 1302 2701">
     <span class='ocr_line' id='line_1_18' title="bbox 197 2502 1302 2593; baseline 0.007 -31"><span class='ocrx_word' id='word_1_109' title='bbox 197 2550 207 2562; x_wconf 88' lang='lat'><strong>..</strong></span> <span class='ocrx_word' id='word_1_110' title='bbox 276 2502 421 2590; x_wconf 84' lang='lat' dir='ltr'><strong>grandes</strong></span> <span class='ocrx_word' id='word_1_111' title='bbox 435 2508 470 2569; x_wconf 91' lang='lat' dir='ltr'><strong>et</strong></span> <span class='ocrx_word' id='word_1_112' title='bbox 487 2508 636 2591; x_wconf 82' lang='lat' dir='ltr'><strong>vegetes,</strong></span> <span class='ocrx_word' id='word_1_113' title='bbox 659 2526 778 2571; x_wconf 90' lang='lat' dir='ltr'><strong>nasum</strong></span> <span class='ocrx_word' id='word_1_114' title='bbox 795 2506 931 2593; x_wconf 90' lang='lat' dir='ltr'><strong>paulum</strong></span> <span class='ocrx_word' id='word_1_115' title='bbox 950 2505 1171 2575; x_wconf 82' lang='lat' dir='ltr'><strong>excedentem</strong></span> <span class='ocrx_word' id='word_1_116' title='bbox 1190 2504 1302 2573; x_wconf 86' lang='lat' dir='ltr'><strong>medio·</strong></span> 
     </span>
     <span class='ocr_line' id='line_1_19' title="bbox 275 2614 1302 2701; baseline 0.008 -22"><span class='ocrx_word' id='word_1_117' title='bbox 275 2614 445 2690; x_wconf 86' lang='lat' dir='ltr'><strong>critatem,</strong></span> <span class='ocrx_word' id='word_1_118' title='bbox 462 2614 622 2679; x_wconf 85' lang='lat' dir='ltr'><strong>canitiem</strong></span> <span class='ocrx_word' id='word_1_119' title='bbox 639 2615 827 2701; x_wconf 87' lang='lat' dir='ltr'><strong>pulchram,</strong></span> <span class='ocrx_word' id='word_1_120' title='bbox 847 2616 963 2684; x_wconf 86' lang='lat' dir='ltr'><strong>fatiem</strong></span> <span class='ocrx_word' id='word_1_121' title='bbox 981 2617 1085 2684; x_wconf 88' lang='lat' dir='ltr'><strong>letam</strong></span> <span class='ocrx_word' id='word_1_122' title='bbox 1102 2621 1139 2685; x_wconf 89' lang='lat' dir='ltr'><strong>et</strong></span> <span class='ocrx_word' id='word_1_123' title='bbox 1152 2614 1302 2687; x_wconf 72' lang='lat' dir='ltr'><strong>hilaram:</strong></span> 
     </span>
    </p>
   </div>
   <div class='ocr_carea' id='block_1_6' title="bbox 223 2720 1318 4199">
    <p class='ocr_par' dir='ltr' id='par_1_9' title="bbox 223 2720 1307 3020">
     <span class='ocr_line' id='line_1_20' title="bbox 275 2720 1304 2806; baseline 0.01 -20"><span class='ocrx_word' id='word_1_124' title='bbox 275 2720 467 2806; x_wconf 87' lang='lat' dir='ltr'><strong>eloquentia</strong></span> <span class='ocrx_word' id='word_1_125' title='bbox 485 2721 639 2806; x_wconf 91' lang='lat' dir='ltr'><strong>copiosus</strong></span> <span class='ocrx_word' id='word_1_126' title='bbox 661 2727 696 2788; x_wconf 89' lang='lat' dir='ltr'><strong>et</strong></span> <span class='ocrx_word' id='word_1_127' title='bbox 719 2722 921 2801; x_wconf 86' lang='lat' dir='ltr'><strong>exuberans,</strong></span> <span class='ocrx_word' id='word_1_128' title='bbox 940 2724 975 2789; x_wconf 92' lang='lat' dir='ltr'><strong>in</strong></span> <span class='ocrx_word' id='word_1_129' title='bbox 992 2722 1125 2791; x_wconf 92' lang='lat' dir='ltr'><strong>iuditiis</strong></span> <span class='ocrx_word' id='word_1_130' title='bbox 1143 2726 1304 2796; x_wconf 60' lang='lat' dir='ltr'><strong>conamus,</strong></span> 
     </span>
     <span class='ocr_line' id='line_1_21' title="bbox 223 2825 1307 2919; baseline 0.01 -32"><span class='ocrx_word' id='word_1_131' title='bbox 223 2829 258 2888; x_wconf 74' lang='lat'><strong>20</strong></span> <span class='ocrx_word' id='word_1_132' title='bbox 276 2833 311 2895; x_wconf 89' lang='lat' dir='ltr'><strong>et</strong></span> <span class='ocrx_word' id='word_1_133' title='bbox 334 2829 370 2892; x_wconf 94' lang='lat' dir='ltr'><strong>in</strong></span> <span class='ocrx_word' id='word_1_134' title='bbox 393 2825 548 2893; x_wconf 90' lang='lat' dir='ltr'><strong>omnibus</strong></span> <span class='ocrx_word' id='word_1_135' title='bbox 571 2834 781 2908; x_wconf 89' lang='lat' dir='ltr'><strong>mansuetus,</strong></span> <span class='ocrx_word' id='word_1_136' title='bbox 799 2831 904 2896; x_wconf 91' lang='lat' dir='ltr'><strong>Deum</strong></span> <span class='ocrx_word' id='word_1_137' title='bbox 925 2831 1156 2918; x_wconf 88' lang='lat' dir='ltr'><strong>superomnia</strong></span> <span class='ocrx_word' id='word_1_138' title='bbox 1176 2829 1307 2919; x_wconf 68' lang='lat' dir='ltr'><strong>diligam</strong></span> 
     </span>
     <span class='ocr_line' id='line_1_22' title="bbox 277 2935 527 3020; baseline -0.004 -20"><span class='ocrx_word' id='word_1_139' title='bbox 277 2935 527 3020; x_wconf 90' lang='lat' dir='ltr'><strong>atquetimens.</strong></span> 
     </span>
    </p>

    <p class='ocr_par' dir='ltr' id='par_1_10' title="bbox 277 3039 1316 3663">
     <span class='ocr_line' id='line_1_23' title="bbox 321 3039 1308 3121; baseline 0.006 -13"><span class='ocrx_word' id='word_1_140' title='bbox 321 3041 465 3108; x_wconf 89' lang='lat' dir='ltr'><strong>Multum</strong></span> <span class='ocrx_word' id='word_1_141' title='bbox 477 3039 598 3107; x_wconf 89' lang='lat' dir='ltr'><strong>dilexit</strong></span> <span class='ocrx_word' id='word_1_142' title='bbox 611 3047 863 3110; x_wconf 87' lang='lat' dir='ltr'><strong>sacrosanctam</strong></span> <span class='ocrx_word' id='word_1_143' title='bbox 871 3044 1056 3112; x_wconf 84' lang='lat' dir='ltr'><strong>Ecclesiam</strong></span> <span class='ocrx_word' id='word_1_144' title='bbox 1070 3045 1308 3121; x_wconf 70' lang='lat' dir='ltr'><strong>senonensem</strong></span> 
     </span>
     <span class='ocr_line' id='line_1_24' title="bbox 277 3148 1311 3241; baseline 0.001 -27"><span class='ocrx_word' id='word_1_145' title='bbox 277 3150 385 3216; x_wconf 92' lang='lat' dir='ltr'><strong>multa</strong></span> <span class='ocrx_word' id='word_1_146' title='bbox 403 3149 492 3217; x_wconf 89' lang='lat' dir='ltr'><strong>dona</strong></span> <span class='ocrx_word' id='word_1_147' title='bbox 518 3148 626 3214; x_wconf 91' lang='lat' dir='ltr'><strong>eidem</strong></span> <span class='ocrx_word' id='word_1_148' title='bbox 647 3151 790 3218; x_wconf 90' lang='lat' dir='ltr'><strong>contulit</strong></span> <span class='ocrx_word' id='word_1_149' title='bbox 815 3152 1052 3240; x_wconf 84' lang='lat' dir='ltr'><strong>etsepulchra</strong></span> <span class='ocrx_word' id='word_1_150' title='bbox 1074 3149 1311 3241; x_wconf 81' lang='lat' dir='ltr'><strong>martyrumiu</strong></span> 
     </span>
     <span class='ocr_line' id='line_1_25' title="bbox 278 3258 1313 3348; baseline 0.004 -24"><span class='ocrx_word' id='word_1_151' title='bbox 278 3258 443 3324; x_wconf 85' lang='lat' dir='ltr'><strong>Senonioa</strong></span> <span class='ocrx_word' id='word_1_152' title='bbox 455 3258 537 3324; x_wconf 92' lang='lat' dir='ltr'><strong>urbe</strong></span> <span class='ocrx_word' id='word_1_153' title='bbox 553 3262 588 3325; x_wconf 88' lang='lat' dir='ltr'><strong>et</strong></span> <span class='ocrx_word' id='word_1_154' title='bbox 603 3276 707 3344; x_wconf 90' lang='lat' dir='ltr'><strong>prope</strong></span> <span class='ocrx_word' id='word_1_155' title='bbox 721 3258 944 3327; x_wconf 89' lang='lat' dir='ltr'><strong>libentissime</strong></span> <span class='ocrx_word' id='word_1_156' title='bbox 956 3258 1208 3348; x_wconf 80' lang='lat' dir='ltr'><strong>frequentabat.</strong></span> <span class='ocrx_word' id='word_1_157' title='bbox 1220 3260 1313 3327; x_wconf 73' lang='lat' dir='ltr'><strong>Ante</strong></span> 
     </span>
     <span class='ocr_line' id='line_1_26' title="bbox 278 3364 1312 3456; baseline 0.007 -28"><span class='ocrx_word' id='word_1_158' title='bbox 278 3383 378 3449; x_wconf 92' lang='lat' dir='ltr'><strong>quam</strong></span> <span class='ocrx_word' id='word_1_159' title='bbox 413 3372 616 3443; x_wconf 88' lang='lat' dir='ltr'><strong>moreretur,</strong></span> <span class='ocrx_word' id='word_1_160' title='bbox 668 3364 844 3434; x_wconf 89' lang='lat' dir='ltr'><strong>aduocatis</strong></span> <span class='ocrx_word' id='word_1_161' title='bbox 882 3368 1101 3435; x_wconf 87' lang='lat' dir='ltr'><strong>ecclesiarum</strong></span> <span class='ocrx_word' id='word_1_162' title='bbox 1158 3365 1312 3456; x_wconf 78' lang='lat' dir='ltr'><strong>prelatis,</strong></span> 
     </span>
     <span class='ocr_line' id='line_1_27' title="bbox 279 3470 1316 3560; baseline 0.007 -25"><span class='ocrx_word' id='word_1_163' title='bbox 279 3470 459 3537; x_wconf 87' lang='lat' dir='ltr'><strong>thesauros</strong></span> <span class='ocrx_word' id='word_1_164' title='bbox 488 3492 566 3538; x_wconf 91' lang='lat' dir='ltr'><strong>suos</strong></span> <span class='ocrx_word' id='word_1_165' title='bbox 593 3470 738 3540; x_wconf 90' lang='lat' dir='ltr'><strong>tradidit</strong></span> <span class='ocrx_word' id='word_1_166' title='bbox 767 3474 971 3560; x_wconf 88' lang='lat' dir='ltr'><strong>pauperibus</strong></span> <span class='ocrx_word' id='word_1_167' title='bbox 1001 3479 1036 3543; x_wconf 89' lang='lat' dir='ltr'><strong>et</strong></span> <span class='ocrx_word' id='word_1_168' title='bbox 1064 3472 1220 3543; x_wconf 86' lang='lat' dir='ltr'><strong>ecclesiis</strong></span> <span class='ocrx_word' id='word_1_169' title='bbox 1245 3490 1316 3542; x_wconf 83' lang='lat' dir='ltr'><strong>ero·</strong></span> 
     </span>
     <span class='ocr_line' id='line_1_28' title="bbox 282 3575 424 3663; baseline 0.014 -22"><span class='ocrx_word' id='word_1_170' title='bbox 282 3575 424 3663; x_wconf 80' lang='lat' dir='ltr'><strong>gandos.</strong></span> 
     </span>
    </p>

    <p class='ocr_par' dir='ltr' id='par_1_11' title="bbox 280 3683 1317 3877">
     <span class='ocr_line' id='line_1_29' title="bbox 324 3683 1317 3775; baseline 0.005 -27"><span class='ocrx_word' id='word_1_171' title='bbox 324 3683 435 3769; x_wconf 85' lang='lat' dir='ltr'><strong>Igitur</strong></span> <span class='ocrx_word' id='word_1_172' title='bbox 449 3688 526 3770; x_wconf 89' lang='lat' dir='ltr'><strong>post</strong></span> <span class='ocrx_word' id='word_1_173' title='bbox 538 3685 662 3752; x_wconf 91' lang='lat' dir='ltr'><strong>multos</strong></span> <span class='ocrx_word' id='word_1_174' title='bbox 679 3685 824 3765; x_wconf 89' lang='lat' dir='ltr'><strong>labores,</strong></span> <span class='ocrx_word' id='word_1_175' title='bbox 839 3687 963 3754; x_wconf 89' lang='lat' dir='ltr'><strong>multas</strong></span> <span class='ocrx_word' id='word_1_176' title='bbox 978 3687 1200 3775; x_wconf 84' lang='lat' dir='ltr'><strong>penitentias,</strong></span> <span class='ocrx_word' id='word_1_177' title='bbox 1217 3684 1317 3755; x_wconf 81' lang='lat' dir='ltr'><strong>mula</strong></span> 
     </span>
     <span class='ocr_line' id='line_1_30' title="bbox 280 3788 1317 3877; baseline 0.004 -24"><span class='ocrx_word' id='word_1_178' title='bbox 280 3788 456 3869; x_wconf 85' lang='lat' dir='ltr'><strong>miracula,</strong></span> <span class='ocrx_word' id='word_1_179' title='bbox 480 3795 606 3877; x_wconf 88' lang='lat' dir='ltr'><strong>etpost</strong></span> <span class='ocrx_word' id='word_1_180' title='bbox 629 3792 755 3860; x_wconf 87' lang='lat' dir='ltr'><strong>multas</strong></span> <span class='ocrx_word' id='word_1_181' title='bbox 770 3793 946 3873; x_wconf 87' lang='lat' dir='ltr'><strong>uictorias,</strong></span> <span class='ocrx_word' id='word_1_182' title='bbox 963 3791 1149 3873; x_wconf 89' lang='lat' dir='ltr'><strong>Ludouico,</strong></span> <span class='ocrx_word' id='word_1_183' title='bbox 1171 3792 1245 3861; x_wconf 83' lang='lat' dir='ltr'><strong>fflio</strong></span> <span class='ocrx_word' id='word_1_184' title='bbox 1262 3806 1317 3859; x_wconf 87' lang='lat' dir='ltr'><strong>suo</strong></span> 
     </span>
    </p>

    <p class='ocr_par' dir='ltr' id='par_1_12' title="bbox 230 3896 1318 4199">
     <span class='ocr_line' id='line_1_31' title="bbox 230 3896 1318 3988; baseline 0.007 -29"><span class='ocrx_word' id='word_1_185' title='bbox 230 3911 264 3970; x_wconf 83' lang='lat'><strong>30</strong></span> <span class='ocrx_word' id='word_1_186' title='bbox 279 3896 505 3983; x_wconf 84' lang='lat' dir='ltr'><strong>primogenito</strong></span> <span class='ocrx_word' id='word_1_187' title='bbox 519 3902 693 3977; x_wconf 88' lang='lat' dir='ltr'><strong>coronato,</strong></span> <span class='ocrx_word' id='word_1_188' title='bbox 709 3898 794 3967; x_wconf 88' lang='lat' dir='ltr'><strong>obiit</strong></span> <span class='ocrx_word' id='word_1_189' title='bbox 805 3901 840 3965; x_wconf 95' lang='lat' dir='ltr'><strong>in</strong></span> <span class='ocrx_word' id='word_1_190' title='bbox 856 3899 989 3979; x_wconf 87' lang='lat' dir='ltr'><strong>Galliis,</strong></span> <span class='ocrx_word' id='word_1_191' title='bbox 1003 3898 1231 3988; x_wconf 88' lang='lat' dir='ltr'><strong>plenusbonis</strong></span> <span class='ocrx_word' id='word_1_192' title='bbox 1243 3917 1318 3987; x_wconf 83' lang='lat' dir='ltr'><strong>ope·</strong></span> 
     </span>
     <span class='ocr_line' id='line_1_32' title="bbox 280 4003 1316 4097; baseline 0.005 -29"><span class='ocrx_word' id='word_1_193' title='bbox 280 4003 375 4070; x_wconf 88' lang='lat' dir='ltr'><strong>ribus</strong></span> <span class='ocrx_word' id='word_1_194' title='bbox 389 4007 424 4070; x_wconf 94' lang='lat' dir='ltr'><strong>et</strong></span> <span class='ocrx_word' id='word_1_195' title='bbox 446 4004 620 4091; x_wconf 85' lang='lat' dir='ltr'><strong>exemplis,</strong></span> <span class='ocrx_word' id='word_1_196' title='bbox 639 4026 728 4074; x_wconf 91' lang='lat' dir='ltr'><strong>anno</strong></span> <span class='ocrx_word' id='word_1_197' title='bbox 747 4009 850 4076; x_wconf 91' lang='lat' dir='ltr'><strong>etatis</strong></span> <span class='ocrx_word' id='word_1_198' title='bbox 866 4027 926 4074; x_wconf 92' lang='lat' dir='ltr'><strong>sue</strong></span> <span class='ocrx_word' id='word_1_199' title='bbox 947 4006 1198 4097; x_wconf 83' lang='lat' dir='ltr'><strong>septuagesimo</strong></span> <span class='ocrx_word' id='word_1_200' title='bbox 1211 4010 1316 4081; x_wconf 80' lang='lat' dir='ltr'><strong>sexto,</strong></span> 
     </span>
     <span class='ocr_line' id='line_1_33' title="bbox 281 4111 1318 4199; baseline -0.001 -22"><span class='ocrx_word' id='word_1_201' title='bbox 281 4130 371 4177; x_wconf 89' lang='lat' dir='ltr'><strong>anuo</strong></span> <span class='ocrx_word' id='word_1_202' title='bbox 386 4111 519 4178; x_wconf 88' lang='lat' dir='ltr'><strong>Domini</strong></span> <span class='ocrx_word' id='word_1_203' title='bbox 534 4113 814 4199; x_wconf 82' lang='lat' dir='ltr'><strong>octingentesimo</strong></span> <span class='ocrx_word' id='word_1_204' title='bbox 828 4120 863 4182; x_wconf 89' lang='lat' dir='ltr'><strong>ot</strong></span> <span class='ocrx_word' id='word_1_205' title='bbox 878 4114 1006 4181; x_wconf 90' lang='lat' dir='ltr'><strong>decimo</strong></span> <span class='ocrx_word' id='word_1_206' title='bbox 1020 4119 1143 4183; x_wconf 85' lang='lat' dir='ltr'><strong>octauo</strong></span> <span class='ocrx_word' id='word_1_207' title='bbox 1162 4118 1200 4183; x_wconf 88' lang='lat' dir='ltr'><strong>et</strong></span> <span class='ocrx_word' id='word_1_208' title='bbox 1212 4112 1318 4181; x_wconf 87' lang='lat' dir='ltr'><strong>miuus</strong></span> 
     </span>
    </p>
   </div>
   <div class='ocr_carea' id='block_1_7' title="bbox 0 0 1536 5430">
    <p class='ocr_par' dir='ltr' id='par_1_13' title="bbox 0 0 1536 5430">
     <span class='ocr_line' id='line_1_34' title="bbox 0 0 1536 5430; baseline 0 0"><span class='ocrx_word' id='word_1_209' title='bbox 0 0 1536 5430; x_wconf 95' lang='lat' dir='ltr'><strong> </strong></span> 
     </span>
    </p>
   </div>
  </div>
 </body>
</html>
