2970 5430
718 368 877 427 -288-

281 491 444 579 baptizari
459 491 711 577 quatuordecim
728 491 829 560 duces
843 494 1043 561 Boemorum
1058 512 1135 560 eum
1142 493 1226 573 suis,
1240 496 1310 562 etin

279 597 344 665 fide
372 599 515 665 edoceri.
544 599 735 667 Ludouicus
767 602 953 688 imperator
978 620 1053 667 eum
1079 600 1216 688 Pipino,
1240 620 1310 690 rege

279 708 480 793 Aquitanie,
499 710 650 775 uastauit
675 709 902 776 Britanniam.

324 808 393 879 Illo'
403 819 566 900 tempore,
587 835 666 881 ossa
678 815 767 882 beati
784 815 855 883 Uiti
878 815 1051 883 translata
1069 815 1307 884 eontrarium

278 922 313 986 in
328 920 549 989 Corbiaeense
565 923 819 988 monasterium.

324 1024 385 1090 Illo
402 1031 565 1112 tempore,
594 1029 783 1094 Normanni
804 1028 933 1094 Gallias
958 1028 1113 1116 grauiter
1139 1026 1302 1101 infestent

321 1243 419 1306 Anno
450 1241 583 1308 Domini
609 1244 889 1330 octingentesimo
913 1241 1176 1330 quadragesimo
1201 1230 1302 1331 primo]

277 1347 428 1433 sepultus
451 1345 516 1414 fuit
543 1328 685 1415 Metthis
714 1351 748 1413 in
774 1348 910 1415 abbatia
938 1349 1237 1438 Sancti-Arnulphi
1258 1368 1304 1438 per

277 1455 475 1531 Droconem,
501 1453 642 1520 fratrem
668 1475 776 1533 suum,
803 1457 993 1541 episcopum
1009 1456 1212 1523 Metensem.
1228 1455 1301 1523 Obiit

226 1589 258 1646 10
277 1562 469 1628 Ludouicus
481 1563 569 1647 pius.

319 1672 418 1736 Anno
435 1670 601 1755 sequenti,
617 1675 729 1736 aetum
742 1669 866 1735 bellum
877 1669 967 1735 inter
978 1668 1180 1735 Letharium
1194 1687 1236 1736 ex
1248 1684 1301 1733 una

275 1782 385 1865 parte,
404 1780 438 1842 et
454 1776 617 1842 Karolum
636 1780 670 1842 et
688 1776 894 1842 Ludouioum
916 1796 959 1842 ex
981 1776 1093 1844 altera
1114 1775 1205 1865 apud
1226 1776 1301 1843 Fon·

276 1888 442 1951 tanetum.

319 1990 382 2055 1110
412 1994 574 2076 tempore,
605 1988 746 2076 quedam
784 1989 906 2055 mulier
929 1988 1105 2057 duodecim
1136 2008 1299 2072 annorum

274 2098 633 2184 postcommunionem
650 2116 782 2162 sacram
805 2096 1020 2165 asaoerdote
1045 2099 1081 2163 in
1106 2097 1162 2165 die
1185 2096 1303 2166 Pasehe

275 2210 478 2290 susceptam,
495 2224 555 2290 per
579 2223 639 2269 sex
660 2223 792 2268 menses
808 2202 973 2269 ieiunauit
988 2203 1022 2267 in
1044 2221 1132 2290 pane
1146 2206 1184 2271 et
1209 2219 1302 2289 aqum

275 2309 394 2376 deinde
408 2310 449 2376 ab
465 2311 555 2376 omni
583 2310 672 2376 malo
689 2309 762 2376 cibo
785 2314 821 2377 et
837 2315 919 2397 potu
947 2330 1008 2397 per
1034 2309 1222 2378 triennium
1242 2307 1303 2377 abe

274 2415 390 2482 tinuit.

318 2523 381 2589 Illo
400 2529 561 2610 tempore,
585 2527 665 2590 ante
684 2523 827 2592 estiuale
852 2523 1050 2603 solstitium,
1074 2522 1140 2591 fuit
1166 2523 1303 2591 maxim

218 2658 254 2715 20
274 2634 457 2717 tempestas
474 2650 547 2695 oum
565 2629 747 2716 grandine;
762 2636 798 2697 et
812 2628 934 2696 cecidit
949 2631 1072 2718 ingene
1085 2629 1304 2720 fragmentum

273 2736 391 2825 glatiei
406 2735 585 2803 latitudine
603 2756 662 2801 sex
677 2735 810 2823 pedum,
830 2735 1042 2824 longitudine
1056 2735 1243 2817 sexdecim,
1260 2732 1303 2803 ei·

271 2843 417 2911 titudine
432 2842 586 2909 duorum.

316 2949 379 3015 Illo
399 2953 561 3035 tempore,
588 2947 731 3015 Strabus
756 2948 919 3028 clarebat,
948 2948 1081 3017 Rabani
1111 2949 1299 3039 discipulus,

272 3056 328 3142 qui
348 3054 390 3121 ad
418 3055 625 3121 Ludouieum
652 3055 889 3143 imperatorem
916 3060 1101 3146 scripserat
1124 3059 1249 3128 librum
1269 3055 1301 3125 de

273 3162 377 3230 offitio
396 3164 556 3230 Eeelesie.

314 3271 414 3337 Anno
440 3269 572 3336 Domini
596 3270 876 3356 octingentesimo
903 3270 1165 3360 quadragesimo
1186 3273 1297 3362 primo,

271 3377 354 3445 obiit
369 3383 507 3445 sanetus
525 3376 694 3454 Aldrieus,
713 3389 810 3443 sexto
825 3376 900 3443 idus
926 3377 1088 3446 octobris.
1104 3378 1206 3468 Apud
1226 3380 1299 3446 Fer·

270 3487 379 3552 rerias
414 3486 449 3552 in
487 3485 694 3552 monasterio
721 3484 945 3551 Sancti-Petri
975 3487 1168 3556 tumulatur
1193 3486 1296 3555 multis

269 3592 381 3659 clarus
396 3590 592 3658 uirtutibus.
1270 3586 1274 3600 ‘
