2918 5046
718 436 860 495 ,02-

262 562 354 628 ribus
369 570 585 649 apparuerat,
603 563 690 630 etde
705 565 849 651 angelis,
865 565 1006 650 quicum
1019 563 1303 630 lncedccsntaue-

261 675 342 736 rnnt
367 670 509 757 gloriam
538 672 690 737 Domino.
720 672 763 738 Et
790 674 928 758 insuper
956 671 1137 738 nuntiatur
1151 671 1183 736 ei
1198 667 1300 757 qnod,

262 774 377 840 eadem
405 783 501 843 nocte
527 778 729 845 Natiuitatis
742 779 885 855 Domini,
903 798 946 843 ex
972 777 1083 844 Maria
1104 779 1252 865 uirgine,
1269 777 1302 840 in

263 882 355 962 urbe,
371 903 486 949 omnes
500 884 664 952 sodomita
680 887 823 953 extincti
831 892 923 952 sunt.

307 1105 401 1169 Tunc
423 1104 640 1182 Octouianns,
675 1107 860 1191 imperator
883 1107 1125 1184 Romanorum,
1148 1107 1304 1171 innume·

263 1211 362 1277 rabili
390 1212 552 1279 thesauro
574 1211 737 1298 gaudens,
771 1215 855 1278 uisis
883 1215 990 1302 signis
1015 1212 1304 1281 NatiuitatisDo·

262 1319 356 1395 mini,
381 1317 571 1403 auditisque
598 1320 770 1384 miraculis
794 1328 829 1387 et
862 1321 973 1387 sibilla
1006 1320 1137 1400 audita,
1176 1319 1266 1388 dixit
1293 1340 1300 1382 :

263 1456 277 1481 a
293 1426 384 1512 Rege
394 1423 532 1512 pacifico
541 1432 575 1490 et
587 1427 768 1491 uniuersali
783 1432 875 1503 nato,
891 1428 968 1493 nolo
981 1426 1063 1493 deus
1076 1447 1137 1492 nec
1148 1425 1303 1494 dominns

262 1553 476 1598 nominarim

208 1752 241 1808 10
300 1751 504 1837 Parnmpost
527 1751 611 1818 obiit
631 1751 851 1828 Octauianus,
879 1757 917 1818 ut
939 1750 1082 1837 predixi.
1127 1749 1298 1817 Successit

261 1855 438 1941 Tyberius,
455 1877 544 1924 anno
558 1859 688 1923 Domini
706 1856 979 1943 quintodecimo.

462 2016 513 2082 De
527 2015 627 2083 Ibem
644 2018 814 2103 baptizato
823 2038 885 2103 per
898 2016 1094 2085 Iohannem.

304 2185 402 2248 Anno
413 2180 454 2246 ab
475 2181 714 2247 Incarnatione
731 2182 862 2246 Domini
881 2202 963 2259 xxx,
981 2182 1048 2246 iam
1063 2183 1201 2266 peracto
1213 2197 1303 2245 suno

260 2289 395 2374 ‘lyborii
410 2290 527 2370 quinto
539 2290 679 2366 decimo,
696 2288 820 2355 lactum
836 2296 889 2354 est
899 2288 1046 2354 Verbum
1059 2287 1192 2353 Domini
1202 2304 1303 2372 super

260 2396 444 2461 Iohannem
459 2394 633 2472 Zacharie,
652 2397 685 2460 ln
699 2395 847 2471 deserto,
859 2402 894 2462 et
908 2397 1068 2461 Dominus
1083 2395 1154 2481 ipse
1165 2393 1298 2468 Ibesns,

259 2521 280 2565 a
309 2500 459 2566 Iohanne
488 2500 678 2585 baptisatur
706 2503 740 2565 iu
766 2501 922 2579 Iordane,
941 2501 1002 2568 snb
1029 2502 1138 2568 altero
1152 2499 1298 2576 Herode,

258 2606 354 2693 Gayo
372 2607 495 2672 Casare
515 2609 663 2684 consule,
682 2615 802 2673 octavo
819 2608 893 2674 idus
911 2609 1074 2687 Ianuarii,
1092 2603 1299 2680 sextuleria,

259 2714 442 2781 indictione
457 2716 572 2792 tertia,
591 2715 672 2780 luna
688 2717 806 2801 quinta
821 2716 961 2794 deciman
979 2722 1014 2783 st
1026 2721 1165 2782 sanctus
1180 2711 1302 2780 lohan-

260 2843 332 2897 nes,
347 2840 437 2887 anno
452 2823 618 2907 sequenti,
638 2823 821 2888 incarcere
838 2821 1035 2889 decollatur.

206 3057 241 3113 20
430 3055 481 3121 De
493 3056 664 3122 uacatione
673 3067 707 3121 ee
718 3056 876 3123 electione
887 3055 1130 3140 Apostolorum.

302 3218 401 3284 Circa
412 3220 648 3307 hectempora,
666 3222 774 3286 sancti
797 3221 919 3287 Petrus
933 3230 967 3286 et
993 3220 1147 3288 Andreas
1160 3219 1299 3298 fratres,

262 3325 388 3392 relictis
415 3327 542 3394 retibus
565 3342 599 3394 et
621 3327 713 3403 naui,
730 3329 836 3392 secuti
851 3337 930 3393 sunt
945 3329 1120 3394 DomInum
1147 3326 1302 3416 redemp-

261 3441 381 3501 torem.
401 3434 496 3500 Beati
513 3435 653 3500 Iacobus
667 3441 701 3499 et
716 3432 897 3510 Iohannes,
916 3435 977 3500 lilii
993 3434 1145 3513 Zebedei,
1161 3436 1302 3503 1)οωίυο

263 3538 481 3606 adheserunt.
494 3540 606 3606 Sancti
625 3541 783 3617 Thomas,
800 3541 941 3607 Iacobus
963 3542 1097 3629 Alphei,
1112 3542 1300 3646 Philippus,

263 3646 520 3712 Bartholomens
545 3648 720 3713 Dominum
745 3656 823 3714 sunt
841 3651 959 3716 secuti.
987 3651 1030 3716 Et
1052 3651 1122 3737 ipsa
1141 3649 1303 3716 muninus

263 3751 382 3819 ihesus
408 3764 562 3819 sanctum
590 3754 762 3821 Matbeum
786 3776 829 3821 ex
852 3756 1010 3823 theloneo
1025 3758 1171 3824 uocauit.
1187 3757 1302 3826 Sancti

262 3860 387 3946 Symon
406 3860 608 3925 Chananeus
632 3870 666 3926 et
699 3861 800 3928 ludas
825 3862 994 3941 Thadeus,
1027 3861 1152 3930 iratres
1190 3862 1303 3931 Iacnbi

261 3969 394 4056 Alphei,
422 3968 481 4034 lilii
510 3969 618 4034 llaric
645 3968 802 4058 Cleophe,
829 3971 981 4059 Apostoli
1008 3980 1087 4038 sunt
1112 3972 1224 4039 electi.
1254 3972 1302 4038 Ac

261 4079 363 4146 etiam
393 4076 494 4144 Iudas
522 4077 578 4162 qni
603 4080 906 4163 cognominabatur
928 4081 1085 4166 Symonis
1108 4078 1303 4148 Scariothes
