2970 5430
329 939 381 1007 Ab
395 939 453 1006 illo
467 937 522 1005 die
538 956 604 1024 quo
626 934 851 1003 sacerdotium
871 936 1017 1025 sumpsit
1035 957 1143 1026 usque
1164 940 1208 1009 ed
1222 940 1305 1009 dmm

286 1049 356 1116 uite
383 1047 564 1135 presentis,
603 1064 723 1112 carnes
746 1062 814 1111 non
835 1044 993 1125 comedit,
1012 1065 1076 1113 nec
1092 1046 1250 1119 inductus
1265 1054 1307 1117 et

284 1155 364 1237 lino,
383 1153 441 1219 sed
460 1153 578 1220 cilitio.
597 1151 741 1218 Multam
764 1150 889 1218 etenim
912 1154 1208 1239 persequutionem
1219 1154 1308 1225 susti·

284 1262 359 1329 nuit
380 1262 586 1347 patientera
610 1257 808 1325 Rainnardo
831 1260 952 1327 comite
974 1260 1102 1343 uetulo,
1125 1266 1163 1333 et
1183 1262 1227 1331 ab
1246 1264 1309 1331 dii·

284 1388 350 1434 non
387 1369 491 1433 Deum
523 1363 734 1433 timentibus.
775 1364 883 1432 Nocte
919 1364 1079 1451 quadam,
1110 1370 1310 1459 apparuitei

281 1479 419 1541 sanctus
438 1472 656 1549 Sauinianus,
681 1475 721 1538 ut
744 1469 957 1540 reedificaret
987 1472 1167 1541 ecclesiam
1191 1474 1312 1545 smcts

280 1580 482 1647 Petri-Uiui.
509 1577 603 1653 Quod
621 1578 759 1665 incepit,
781 1583 817 1645 et
840 1577 1052 1665 perfecisset,
1077 1582 1146 1649 nisi
1170 1586 1242 1651 tam
1255 1582 1313 1653 sto

280 1687 321 1753 de
350 1687 414 1753 hoc
437 1685 550 1751 seculo
569 1685 764 1772 migrasset.
795 1682 977 1754 Ediflcauit
1002 1684 1181 1754 ecclesiam
1203 1688 1314 1755 Beato·

280 1794 400 1873 Mario,
414 1792 605 1859 hereditate
623 1812 697 1871 sua,
716 1792 750 1857 in
765 1790 924 1879 uilisque
937 1791 1170 1881 Auguriacum
1186 1792 1312 1873 dieitur.

229 1908 261 1966 10
280 1904 315 1968 et
335 1900 462 1967 mansit
479 1898 540 1980 ibi,
563 1900 601 1967 in
619 1897 718 1964 domo
742 1918 803 1966 sua
819 1917 947 1965 uacans
967 1898 1183 1969 orationibus
1207 1900 1261 1968 die
1280 1918 1315 1969 sc

281 2013 391 2074 nocte.
423 2006 530 2081 Quam
558 2005 734 2072 ecclesiam
759 2025 834 2071 cum
864 2004 1056 2073 hereditate
1078 2003 1176 2075 dedit
1204 2004 1314 2075 maium

278 2096 418 2181 ecclesie
432 2114 631 2181 Senonensi.
651 2112 852 2200 Asportauit
866 2112 913 2178 ibi
922 2131 1044 2200 corpus
1055 2112 1149 2182 boati
1161 2113 1315 2193 Uictoris.

279 2223 454 2308 martyris,
464 2221 547 2288 socii
566 2220 850 2298 sanotiMauritii,
865 2218 906 2287 de
917 2222 1082 2301 Bruorea,
1094 2220 1182 2289 villa
1192 2220 1315 2291 snes-

278 2330 441 2417 Stephani
480 2328 699 2395 Senonensis.
738 2327 869 2415 Corpus
897 2326 989 2393 illius
1015 2329 1127 2398 sancti
1158 2328 1317 2399 astutam

277 2436 419 2503 Senonis
429 2436 632 2517 Wricarius‚
647 2434 931 2522 archiepiscopus,
944 2440 979 2501 et
988 2434 1069 2501 illuc
1078 2434 1320 2523 impetrauerat

276 2542 410 2629 magnis
423 2541 577 2629 precibus
590 2540 632 2607 ab
643 2540 685 2608 ab
690 2543 808 2627 batejet
819 2538 983 2608 iratribus
997 2540 1128 2609 cenobii
1137 2542 1320 2631 Ageunen·

277 2652 337 2726 sis,
354 2655 390 2716 et
412 2652 448 2715 in
469 2649 632 2715 maiorem
656 2648 833 2715 ecclesiam
860 2649 1089 2719 collocauerat
1112 2670 1320 2721 conseruan-

277 2756 368 2823 dum.
385 2756 450 2825 Sed
475 2760 594 2843 postea
609 2755 763 2845 canonici
784 2754 982 2824 detulerunt
1004 2756 1040 2823 in
1064 2755 1195 2827 dictam
1208 2756 1319 2827 uiden

276 2864 317 2931 de
344 2864 489 2930 Bruoria
515 2882 555 2929 eo
585 2861 671 2947 quod
696 2861 851 2927 homines
885 2862 978 2931 illius
1009 2866 1089 2953 pagi
1113 2864 1320 2935 hereditates

220 2977 255 3036 ‘20
276 2972 369 3038 illius
392 2968 686 3056 Sancti-Stephani
711 2967 922 3036 detinebant.
943 2969 1015 3045 Quo
1040 2974 1162 3037 sancto
1184 2970 1221 3037 in
1241 2968 1321 3037 uilis

275 3083 422 3164 recepto,
441 3078 562 3144 timore
588 3080 623 3143 et
645 3074 775 3141 uirtute
795 3076 906 3142 sancti
928 3076 983 3143 uel
1010 3076 1253 3159 restituerunt,
1268 3072 1321 3147 uei

275 3184 391 3251 eodem
417 3202 507 3249 anno
535 3181 622 3247 male
644 3179 821 3249 finierunt.
851 3182 982 3251 Mansit
1002 3182 1063 3249 illa
1088 3182 1176 3251 uilla
1200 3204 1321 3275 corpu

275 3291 357 3358 dicti
372 3291 602 3377 sanctiusque
617 3288 660 3355 ad
678 3288 787 3355 sancti
804 3289 959 3355 Austasii
977 3286 1139 3377 [tempus]
1165 3290 1225 3378 qui
1240 3286 1322 3357 iliud

274 3399 387 3484 posuit
410 3399 445 3464 in
468 3397 552 3463 uilla
587 3396 628 3462 de
652 3396 858 3481 Auguriaco,
891 3394 950 3462 ubi
978 3396 1107 3465 mansit
1135 3416 1247 3485 usque
1281 3394 1322 3465 ad

273 3510 406 3591 tempus
419 3504 545 3571 domini
561 3504 675 3569 Seuini
691 3502 949 3590 archiepiscopi,
965 3502 1023 3590 qui
1038 3502 1224 3573 transtulit
1239 3500 1324 3571 iliud

273 3610 428 3691 Senouis,
445 3613 481 3677 in
497 3610 660 3677 maiorem
684 3608 874 3688 ecclesiam,
891 3610 928 3675 in
942 3628 1010 3697 qna
1023 3628 1116 3677 nunc
1129 3608 1194 3679 Dei
1207 3610 1324 3701 gram

273 3723 510 3786 conseruntur.

314 4126 477 4199 Dominus
497 4127 682 4200 Anstasius
704 4132 915 4205 restaurauit
933 4134 1113 4208 ecclesiam
1136 4134 1324 4231 perfitiens
