2918 5046
260 554 380 623 deinde
395 556 477 623 illud
492 576 614 645 corpus
634 576 710 624 cum
725 558 873 627 maximo
888 558 1022 629 honore
1032 560 1073 629 in
1094 560 1302 653 Sancti-Dp

262 664 341 729 nisii
354 666 561 733 monasterio
581 665 786 735 tumulatur.

304 770 429 838 Eodem
451 792 553 850 anno,
579 772 690 841 dictus
723 772 900 862 Philippus
926 774 960 843 V
987 776 1112 869 Remis
1135 776 1302 867 ἰιιῲ

260 897 320 964 per
348 878 498 945 donnum
532 880 671 946 Petrum
695 880 889 961 dederint,
916 880 1148 949 &mensium
1177 880 1303 951 ardb-

259 987 445 1073 piscopum‚
463 992 588 1056 etcum
603 986 731 1053 honoro
745 988 892 1055 maximo
906 992 1115 1057 coronatur.
1131 988 1184 1057 Da
1200 994 1304 1079 'nq-

259 1095 352 1161 tione
368 1113 430 1160 sua
445 1112 506 1181 per
519 1095 678 1163 ciuitates
690 1094 800 1163 noluit
815 1094 891 1161 fleri
912 1094 1226 1183 sollempnitates.
1235 1096 1304 1185 μ
1330 1092 1334 1097 ’

259 1221 331 1287 rpse
346 1201 493 1269 etmulti
509 1202 620 1268 adhuc
634 1200 675 1268 de
691 1208 799 1269 morte
815 1202 866 1267 sui
891 1202 1003 1289 patrie
1018 1200 1305 1293 maximin*

259 1306 350 1375 tibus
366 1307 603 1375 condolebant.

305 1414 368 1481 lllo
391 1420 556 1501 tempore,
584 1434 674 1482 anno
700 1416 834 1482 Domini
858 1414 1044 1483 millesimo
1078 1414 1299 1487 ducam&

210 1520 242 1579 ¹0
259 1520 467 1609 octogesimo
481 1525 592 1599 sexto,
609 1521 776 1590 Soldanus
801 1521 976 1589 Babilonie
990 1522 1131 1591 'l'urcou
1146 1528 1188 1593 ut
1207 1522 1300 1593 ss·-

259 1647 349 1694 mum
376 1629 564 1695 exercitum
593 1628 833 1717 congregabat,
881 1633 917 1696 et
954 1634 1086 1697 coutm
1123 1630 1301 1719 xpiffl

260 1732 500 1801 Terre-Sancte
516 1733 711 1813 debellaret.

304 1842 404 1908 Auno
442 1842 575 1908 Domini
616 1841 795 1909 millesimo
831 1842 1067 1911 ducentesimo
1109 1844 1304 1937 octcgn‘n

261 1950 414 2034 septimo,
446 1948 614 2015 Soldanus
639 1950 784 2017 intrauit
801 1948 950 2029 Suriam,
968 1956 1006 2019 et
1029 1950 1186 2038 quadan
1202 1956 1301 2025 U

261 2054 528 2141 Hospitaliorum
569 2060 604 2124 et
646 2056 912 2142 Templariorum
953 2058 1059 2145 cepit,
1106 2072 1301 2149 penuq-

260 2161 452 2248 xpistianos
466 2183 572 2249 usquc
589 2161 631 2229 ad
644 2162 820 2231 ciuitatem
835 2162 1089 2233 Acconcnsem.
1290 2204 1293 2209 ·

303 2270 402 2334 Anno
442 2268 574 2335 Domini
614 2268 793 2334 millesimo
831 2266 1067 2337 ducentesimo
1105 2274 1303 2365 mtcge‘·

260 2378 393 2451 octauo,
410 2372 495 2442 obiit
506 2374 677 2441 Honorius
693 2374 741 2441 IV
757 2394 853 2462 papa.

304 2480 490 2546 Nicholaus
507 2482 568 2559 lv,
587 2480 809 2561 lombardus,
821 2482 951 2549 ordinis
966 2480 1124 2554 fratrum·
1142 2486 1302 2559 flium

204 2587 240 2646 ‘20
261 2584 350 2653 sedit
365 2586 471 2653 Rome
485 2609 493 2665 ;
509 2588 693 2654 cardinalis
710 2590 887 2677 episcopua
900 2590 1133 2661 Pronuntinun
1146 2590 1228 2665 lut

304 2691 430 2759 Eodem
450 2714 550 2777 anno,
581 2697 700 2782 quinto
725 2696 854 2763 decimo
877 2694 1045 2765 kalendae
1072 2700 1213 2789 cutilia,-
1231 2698 1303 2771 ab&

260 2799 392 2867 donnus
416 2802 542 2889 Symon
570 2803 612 2870 de
636 2805 817 2884 Karoloco,
840 2803 945 2871 abbas
959 2804 1300 2879 Sancti-Petrum

304 2910 404 2975 Anno
414 2911 546 2977 Domini
557 2911 738 2977 millesimo
751 2909 1299 3003 ducentesimomtogenum.

260 3015 403 3083 domnus
434 3019 575 3085 Iacobus
594 3019 635 3085 dc
659 3020 888 3105 Chapigniuco
912 3020 948 3085 in
975 3020 1059 3087 Bria
1084 3019 1231 3111 eligitur
1246 3036 1300 3111 μ

261 3126 352 3191 uiam
369 3128 524 3194 scrutinii
540 3133 617 3213 post
631 3126 766 3193 Pascha
780 3149 788 3204 ;
806 3145 866 3213 per
878 3124 1041 3193 domuum
1061 3122 1299 3197 Ground*

262 3232 335 3299 nuti
349 3230 570 3300 confirmatur
591 3239 625 3299 et
649 3231 872 3299 benedicitur.
893 3230 938 3299 Et
963 3230 1000 3299 iu
1014 3230 1073 3300 die
1086 3230 1297 3303 Am

261 3337 407 3413 Domini,
423 3340 458 3404 in
472 3359 570 3403 suum
582 3338 826 3405 monasterium
840 3336 1016 3425 recipitur.
1031 3336 1107 3407 lma
1126 3336 1299 3429 ΜΗ

260 3446 468 3511 monasterio
482 3464 543 3511 suo
554 3443 764 3511 molendinos
778 3443 820 3509 de
834 3442 1074 3531 Mdleioregic
1087 3464 1169 3515 cm
1181 3442 1298 3515 Η

258 3558 293 3620 et
310 3553 499 3622 redditibus
511 3576 595 3642 qnos
606 3554 734 3622 dictum
745 3554 989 3623 monasterium
1000 3552 1298 3643 ponium-u

207 3659 241 3717 30
260 3660 354 3729 villa.

304 3772 403 3837 Anno
444 3771 578 3838 Domini
605 3768 784 3837 millesimo
820 3767 1053 3837 ducentesimo
1084 3768 1297 3863 ιιοιιμ

260 3883 427 3946 natusest
444 3880 517 3965 regi
535 3880 754 3958 Francorum,
784 3874 941 3963 Philippo
964 3874 1010 3955 V,
1031 3872 1128 3947 lilim
1144 3892 1297 3947 um

260 4006 332 4065 sua,
349 4007 413 4073 que
429 3986 501 4052 filia
518 3984 582 4053 suit
594 3985 745 4063 ilenrici,
757 3984 849 4072 regia
864 3982 1046 4069 Nauurriu,
1062 3982 1300 4057 muttum·

257 4098 369 4185 panie,
386 4096 595 4183 palatinique
608 4096 698 4162 Brie.
714 4094 804 4170 Quas
821 4111 939 4161 omnes
958 4090 1297 4181 mamm&
