2970 5430
717 441 821 498 ..120
839 471 873 484 -

271 601 285 629 u
314 573 369 638 hio
384 591 496 638 coram
518 576 552 638 to
568 572 603 635 in
619 570 761 657 prandio
778 569 890 637 adstat
906 589 966 656 per·
982 568 1172 655 quindecim
1188 567 1275 659 dias.
1298 600 1314 628 ι

269 681 358 746 Dicit
376 681 484 764 Tytus
503 701 509 744 :
530 709 544 735 κ
568 678 733 756 Concedo,
756 679 910 765 quamuis
932 677 1063 743 durum.
1086 707 1100 732 n
1117 677 1311 764 Iosephus:

260 821 286 845 sa
314 789 437 854 Durius
453 787 580 853 audies
599 818 613 842 n
638 785 688 851 Ad
714 784 893 872 prandium
924 784 1003 870 Tyti
1025 783 1138 850 astitit
1158 784 1308 851 iuuenis.

272 897 364 960 Tunc
377 893 573 981 Iosephus:
591 922 605 949 a
621 894 719 979 Tyte‚
736 892 791 956 hIc
804 896 934 977 patrem
960 894 1056 956 tuum
1081 888 1277 957 decollauit.
1298 918 1314 946 ι

273 1003 367 1067 Dixit
379 1002 508 1087 Tytus:
535 1028 549 1055 a
569 999 732 1086 Opportet
754 1017 835 1084 ergo
857 1017 932 1061 eum
959 1016 1071 1062 cesum
1102 996 1278 1062 decollari.
1299 1027 1314 1054 ι

273 1109 366 1174 Dixit
387 1107 572 1193 Iosephus:
599 1136 613 1162 u
646 1107 722 1172 Non
738 1104 972 1182 decollabitur,
992 1104 1071 1189 quia
1086 1103 1170 1169 mihi
1188 1102 1316 1171 donum

275 1246 289 1271 κ
317 1215 462 1282 donasti.
492 1246 506 1271 n
529 1217 572 1282 Et
594 1215 642 1280 sio
665 1233 725 1300 per
750 1211 940 1298 quindecim
963 1210 1047 1288 dies,
1067 1210 1201 1276 iuuenis
1226 1210 1317 1296 Tyto

271 1324 383 1390 astitit
396 1341 456 1408 per
472 1305 663 1407 Iosephum.
681 1321 788 1405 Tytus
805 1337 885 1382 uero
902 1336 1034 1402 semper
1054 1315 1214 1402 sperabat
1226 1317 1318 1383 sani·

270 1434 388 1506 tatem,
403 1433 441 1494 ut
463 1447 563 1513 super
579 1427 748 1490 Romanos
776 1427 891 1509 posset
912 1426 1044 1508 patrem
1067 1421 1255 1500 uindicare,
1282 1427 1318 1490 ot

220 1527 252 1584 ¹0
272 1532 347 1597 ideo
376 1531 512 1598 uolebat
550 1533 704 1595 iuuenem
741 1527 946 1596 interficere.
990 1528 1074 1595 Post
1105 1527 1180 1607 heo,
1220 1529 1316 1594 uenit

273 1638 436 1725 Iosephus
466 1637 579 1705 dicens
611 1660 618 1703 ε
654 1667 668 1692 κ
702 1635 874 1712 Quomodo
915 1634 995 1712 tibi,
1038 1634 1154 1720 Tyte?
1196 1665 1211 1690 n
1254 1635 1315 1702 Cui

274 1746 381 1832 Tytus
410 1768 416 1812 :
461 1775 476 1801 a
515 1747 657 1812 Tantam
698 1744 850 1811 fidutiam
884 1742 992 1808 haheo
1028 1741 1223 1808 uindicandi
1254 1762 1315 1828 pa·

276 1879 290 1905 a
317 1854 405 1915 trem
438 1850 524 1937 apud
559 1851 699 1916 Romam
735 1870 835 1936 quam
861 1869 965 1914 sanus
993 1868 1080 1913 sum.
1113 1879 1127 1904 π
1155 1882 1201 1898 -
1223 1850 1315 1914 Tunc

276 1985 290 2011 a
319 1955 503 2042 Iosephus:
525 1985 539 2012 a
556 1955 662 2022 Video
680 1977 802 2022 neruos
817 1962 894 2023 tuos
921 1957 1036 2022 sanari
1059 1959 1208 2023 ataenis
1234 1977 1315 2025 oon·

276 2091 291 2117 a
319 2061 456 2128 solidari
473 2086 480 2142 ;
500 2062 574 2128 ideo
605 2062 713 2129 dicam
740 2065 933 2130 ueritatem.
970 2064 1074 2130 Pater
1099 2069 1179 2130 tuus
1206 2066 1316 2132 uiato-

276 2198 290 2223 «
317 2169 429 2234 riosus
464 2170 550 2237 uiuit
582 2169 701 2249 bonus,
735 2175 770 2236 et
807 2171 951 2256 imperat
984 2169 1191 2250 laudabilis;
1227 2176 1316 2238 tom-

277 2305 291 2329 α
318 2281 478 2362 paranter
504 2275 624 2363 gaude.
663 2278 759 2367 Misit
798 2275 839 2341 ad
873 2281 907 2342 te
946 2277 1101 2353 nuntios,
1143 2296 1228 2362 qnos
1253 2274 1315 2344 tibi

278 2412 291 2437 u
319 2382 443 2457 celaui,
481 2382 587 2448 donea
618 2385 750 2470 integre
783 2383 951 2468 reciperes
980 2383 1175 2449 sanitatem.
1209 2413 1223 2439 n
1255 2382 1315 2449 Cui

276 2490 406 2575 Tytus:
433 2519 448 2545 a
475 2490 614 2577 Sapiens
639 2510 686 2569 ea,
713 2496 747 2556 et
771 2489 855 2554 bene
871 2489 934 2555 tibi
950 2490 1027 2555 erit.
1053 2519 1067 2544 n
1091 2489 1185 2556 Tune
1209 2490 1315 2575 Tytus

221 2603 257 2660 20
277 2595 418 2661 Romam
450 2597 543 2671 uenit
574 2598 792 2674 uiatoriosuS‚
823 2596 942 2683 plenus
973 2596 1131 2662 maximis
1161 2595 1315 2663 uintoriis

276 2707 377 2787 atque
406 2703 531 2790 prodis,
565 2709 600 2771 et
631 2708 761 2790 patrem
801 2704 972 2788 sapienter
1007 2704 1230 2789 imperantem
1262 2703 1316 2768 in·

276 2808 382 2876 uenit.

322 3561 418 3627 Circa
438 3563 545 3629 annos
570 3566 699 3631 Domini
721 3565 804 3630 duos
823 3572 857 3632 et
881 3566 1109 3651 septuaginta,
1123 3564 1270 3651 triginta
1284 3569 1317 3630 at

278 3667 362 3732 duas
387 3668 549 3735 uictorias
579 3669 662 3737 fauit
685 3691 745 3758 pro
771 3672 937 3737 communi
966 3670 1115 3738 vtiIItate
1135 3674 1315 3755 antequam

276 3775 469 3860 imperaret.
490 3776 721 3863 Uespasianus
740 3799 799 3865 per
814 3777 942 3844 fluxum
966 3777 1097 3845 uentris
1109 3775 1206 3844 obiit.
1226 3777 1316 3844 'Iunc

276 3879 521 3946 curialissimus
549 3882 742 3952 destructor
769 3885 960 3964 Iudeorum,
982 3889 1116 3951 amator
1130 3884 1315 3971 xpistiano·

275 4005 363 4062 rum,
390 3991 467 4073 posi
492 3994 622 4075 patrem
662 3991 772 4058 tribus
801 3994 899 4058 annis
924 3993 1116 4079 imperauit.
1137 3990 1312 4068 Amabilis,

275 4090 466 4173 laudabilis
491 4096 706 4178 victoriosus,
738 4100 996 4177 curialissImus‚
1024 4099 1154 4187 largus,
1186 4099 1312 4174 iustus,
