2918 5046
750 484 872 536 ..μ

308 613 347 676 Et
371 617 450 674 sunt
470 611 620 675 nonnulli
640 612 761 686 sancti,
785 618 964 695 martyres,
990 611 1212 689 consessores,
1231 614 1303 676 uir-

261 721 368 806 gines,
383 717 569 804 pontifices,
587 719 717 796 decani,
732 719 973 796 archidiaconi,
985 719 1207 796 archiclaues,
1225 740 1303 806 pre·

261 831 425 902 centones,
454 826 618 902 canonici,
643 825 798 903 barones,
824 826 961 903 milites,
980 826 1104 904 clerici,
1123 826 1224 912 layci,
1241 826 1303 893 ab·

262 933 355 998 bates
380 937 415 998 et
432 930 586 997 monachi
614 933 773 998 memorie
788 931 882 1020 digni
896 953 1036 1020 quorum
1054 935 1224 1021 sepulture
1239 934 1303 1001 ho·

260 1059 341 1106 nore
356 1044 475 1106 carent
487 1059 648 1125 congrue,
668 1040 953 1107 destructionibus
966 1041 1181 1128 supradictis.

304 1255 572 1322 Fundamentum
590 1278 671 1323 uero
694 1261 864 1344 xpistiane
887 1261 1045 1325 ueritatis
1065 1267 1100 1326 et
1124 1259 1214 1336 lidei,
1236 1280 1301 1346 quo

259 1363 444 1451 pregaudet
456 1364 658 1430 Senonensis
669 1371 778 1432 mater
790 1366 951 1442 Ecclesia,
963 1367 997 1430 in
1008 1364 1129 1431 Galliis
1142 1386 1301 1451 persanc-

258 1473 408 1540 tissimos
423 1471 598 1559 pontifices
609 1478 832 1558 etmartyres,
848 1472 1066 1538 Sauinianum
1083 1478 1118 1539 et
1131 1473 1302 1540 Potentia·

259 1600 350 1657 num,
367 1582 401 1645 in
415 1581 590 1647 Frantiam
606 1586 829 1667 asportatum,
853 1580 980 1656 Trecis,
995 1579 1201 1657 Aurelianis,
1215 1579 1301 1646 Car-

207 1694 239 1747 lb
259 1694 338 1753 noto
352 1691 386 1752 et
399 1687 551 1751 Parisius
569 1709 628 1773 per
642 1687 810 1774 predictos
826 1692 962 1754 sanctos
977 1691 1012 1753 et
1027 1706 1105 1751 suos
1121 1688 1231 1754 socios
1245 1687 1301 1753 di-

260 1795 446 1880 uulgatum‚
459 1800 493 1859 et
508 1801 705 1880 perceleros
719 1814 929 1859 successores
941 1814 1019 1859 suos
1032 1792 1205 1879 pontifices
1215 1814 1300 1861 enu-

259 1902 389 1976 tritum,
406 1910 440 1967 et
454 1903 601 1966 maxima
617 1902 809 1967 constantia
825 1906 1073 1977 conseruatum,
1089 1905 1123 1968 et
1136 1900 1300 1987 quomodo

259 2008 409 2095 predicta
435 2009 638 2074 Senonensis
664 2013 772 2072 mater
788 2007 937 2073 Ecclesia
961 2027 1020 2093 per
1045 2008 1135 2095 ipsos
1159 2005 1301 2074 lundata
1399 2049 1407 2064 ι

260 2116 373 2194 suerit,
387 2117 534 2203 presenti
553 2116 664 2182 libello
680 2116 764 2182 satis
780 2115 929 2182 breuiter
941 2113 1130 2180 declarabo.

304 2330 449 2395 Nomina
463 2350 543 2396 uero
560 2350 619 2416 per
632 2329 784 2396 ordinem
808 2333 1034 2398 Romanorum
1056 2332 1250 2418 pontificum
1266 2340 1301 2399 et

260 2439 498 2523 imperatorum
518 2457 645 2502 necnon
662 2444 696 2504 et
710 2459 825 2524 regum
849 2439 1067 2515 Francorum,
1087 2445 1122 2505 et
1136 2439 1301 2524 quomodo

258 2546 529 2630 contemporanei
555 2544 690 2612 luerunt
714 2545 999 2631 archipresulibus
1023 2547 1169 2612 Ecclesie
1195 2547 1302 2612 Seno-

260 2652 385 2728 nensis,
397 2658 431 2718 et
448 2653 666 2737 quorumdam
684 2655 833 2739 ipsorum
842 2659 950 2729 actus,
961 2660 995 2720 et
1005 2674 1046 2719 ea
1058 2676 1121 2740 que
1132 2656 1202 2720 suis
1214 2661 1301 2721 tem·

259 2759 394 2845 poribus
420 2768 618 2837 euenerunt,
649 2761 797 2836 insimul,
825 2759 980 2827 ordinate
1004 2766 1037 2828 et
1060 2761 1302 2849 subsequenter

205 2866 238 2920 ‘20
259 2867 471 2933 conscribere
485 2867 623 2954 dignum
641 2866 734 2932 duxi.

302 2975 331 3039 Α
357 2975 496 3040 Domino
521 2975 660 3061 incipiat
675 2974 737 3039 hec
752 2977 914 3060 operatio,
937 2984 970 3040 et
988 2995 1047 3061 per
1066 2974 1217 3040 eumdem
1235 2976 1303 3041 Do-

259 3082 383 3146 minum
401 3080 550 3148 liniatur.
576 3080 797 3166 sequentibus
814 3082 1012 3168 iniungatur
1027 3086 1065 3149 ut
1086 3081 1201 3149 lutura
1214 3087 1303 3148 tem-

259 3210 375 3275 porum
393 3190 594 3266 futurorum,
611 3190 698 3256 bona
720 3188 761 3255 ad
781 3188 1040 3265 edificationem,
1057 3189 1147 3253 mala
1164 3208 1256 3265 uero,
1272 3191 1300 3253 si

259 3319 321 3382 que
338 3298 419 3374 sint,
437 3297 523 3382 quod
540 3299 641 3376 absit,
660 3299 701 3364 ad
717 3299 948 3373 euitationem,
962 3317 1021 3382 per
1029 3296 1302 3362 annoslncarna·

260 3407 362 3472 tionis
375 3404 553 3484 dominice,
569 3409 656 3475 sicut
669 3408 784 3484 scrixi,
802 3427 823 3470 a
842 3406 1032 3471 Natiuitate
1048 3404 1180 3471 Domini
1197 3424 1302 3490 usque

260 3512 301 3579 ad
328 3533 453 3579 annum
478 3515 728 3579 lncarnationis
759 3510 908 3578 eiusdem
931 3511 1062 3576 Domini
1087 3510 1300 3577 millesimum

258 3621 523 3688 ducentesimum
536 3622 788 3706 nonagesimum
800 3619 952 3704 quintum
968 3617 1210 3703 subsequenter
1220 3636 1302 3682 con·

260 3729 417 3795 scribere.
434 3730 509 3795 Non
531 3734 745 3815 postponent,
767 3726 903 3792 utboni
926 3726 968 3792 de
991 3729 1103 3792 cetero
1118 3745 1177 3811 per
1192 3723 1303 3810 negli-

260 3837 408 3922 gentiam
425 3834 644 3903 scribentium
661 3837 788 3903 honore
810 3853 883 3901 cum
898 3833 1002 3922 digno
1020 3853 1087 3899 non
1104 3836 1243 3900 careant
1265 3832 1301 3898 in

209 3940 386 4009 soluturo.
