2970 5430
723 521 759 532 -
780 488 886 546 lte-

288 618 446 683 Venicias
463 623 640 696 venerunt,
658 618 768 704 ibique
784 618 972 683 Panduami
998 617 1172 683 ciuitatem
1188 611 1329 682 edifica-

287 730 422 803 uerunt,
437 726 472 789 in
486 746 551 811 qua
562 726 740 792 Anthenor
750 726 895 791 moritur
910 730 944 790 et
956 722 1138 789 honorifice
1151 722 1325 808 sepelitur.

275 833 370 898 >Post
384 833 418 896 in
432 832 586 918 Sythiam
602 831 843 897 habitauerunt
855 837 889 897 et
904 830 1057 896 fecerunt
1071 828 1327 915 Sychambriam

286 941 472 1006 ciuitatem.
500 940 625 1008 Deinde
651 942 685 1005 in
709 941 925 1006 Germaniam
947 939 1124 1003 venerunt.
1151 935 1215 1000 Illo
1239 939 1328 1002 tem-

285 1047 487 1133 pore,Alaui
501 1048 691 1113 Meothidas
707 1046 845 1133 paludes
860 1048 1088 1122 intrauerunt;
1104 1047 1185 1109 tunc
1197 1041 1327 1106 Valen-

284 1155 436 1219 tinianus
453 1155 649 1240 imperator,
673 1155 810 1239 cupiens
827 1173 884 1216 eos
906 1151 1029 1228 delere,
1047 1150 1189 1236 protulit
1210 1147 1325 1214 dicens

283 1265 321 1326 vt
343 1281 425 1347 gens
442 1281 645 1347 quecumque
662 1260 790 1325 Alanos
811 1260 974 1336 uinceret,
1001 1278 1061 1344 per
1084 1256 1197 1322 decem
1220 1275 1326 1322 annos

284 1367 325 1432 ab
341 1370 430 1432 omni
448 1367 689 1434 tributolibera
703 1371 928 1452 permaneret.
945 1366 1039 1429 Tunc
1053 1364 1189 1441 Franci,
1200 1363 1326 1428 esseli-

284 1473 355 1540 beri
370 1476 553 1561 cupientes
578 1476 656 1560 quia
676 1496 718 1539 ex
736 1474 849 1539 liberis
869 1472 1016 1550 fuerant,
1038 1472 1167 1537 Alanos
1190 1471 1324 1536 omnino

232 1574 387 1646 1⁰armis
407 1583 657 1647 extrinxerunt.
686 1582 779 1646 Tunc
796 1582 939 1645 Feroces
957 1579 1116 1666 appellati
1141 1583 1243 1658 sunt;
1268 1577 1322 1646 sed

282 1686 324 1752 ab
340 1686 418 1751 inde
432 1688 497 1773 ipsi
517 1708 552 1751 se
573 1688 721 1752 Francos
744 1685 971 1773 appellabant,
994 1704 1056 1768 que
1071 1688 1192 1771 postea
1215 1682 1324 1751 tribu·

281 1797 354 1860 tum
369 1794 500 1859 soluere
514 1794 707 1860 noluerunt.

324 2118 459 2182 Primus
474 2137 536 2182 rex
550 2119 711 2203 ipsorum,
729 2120 764 2182 in
785 2138 845 2182 suo
865 2118 971 2195 exitu,
994 2117 1153 2183 Priamus
1176 2117 1323 2185 uocaba-

279 2228 348 2301 tur,
365 2225 487 2309 Frigus
501 2224 678 2301 secundus,
695 2226 835 2289 Frantio
852 2226 988 2301 tertius,
1004 2225 1152 2291 Torchot
1163 2231 1319 2311 quartus;

279 2333 397 2414 postea
414 2330 474 2396 sub
493 2330 632 2395 ducibus
647 2351 787 2417 regnum
810 2332 915 2417 ipsius
940 2329 1017 2408 fuit,
1042 2351 1148 2416 usque
1168 2330 1212 2396 ad
1227 2331 1322 2396 Mar-

279 2436 462 2501 chomirem
486 2455 613 2523 regem,
632 2439 688 2522 qui
709 2442 806 2523 pater
827 2437 892 2502 fuit
911 2436 1155 2515 Pharamundi‚
1180 2437 1322 2503 nobilis·

279 2543 354 2604 simi
371 2543 460 2627 regis
476 2542 516 2606 de
531 2547 647 2628 styrpe
663 2544 804 2608 Priami.

322 2646 505 2732 Postquam
521 2669 602 2713 uero
617 2669 637 2713 a
653 2649 893 2715 Valentiniano
914 2650 1116 2735 imperatore
1135 2648 1176 2714 de
1195 2647 1321 2734 Sycha-

276 2753 350 2817 bria
366 2755 487 2819 Franci
502 2756 632 2841 expulsi
654 2756 803 2833 luerunt,
820 2758 854 2821 in
872 2757 1055 2823 Germania
1070 2776 1171 2842 super
1188 2756 1318 2822 Renum

224 2862 258 2919 90
277 2859 416 2926 fluuium
431 2862 643 2930 babitabant.
659 2864 784 2928 Deinde
799 2864 868 2928 illis
886 2861 1114 2929 crescentibus
1128 2882 1271 2928 numero
1285 2866 1319 2929 et

277 2972 457 3054 potestate,
471 2970 614 3034 Romani
630 2971 735 3035 minui
751 2976 924 3056 ceperunt,
942 2973 1030 3036 utin
1047 2970 1217 3039 Pentheon
1236 2992 1319 3040 con·

276 3076 417 3154 tinetur,
437 3078 515 3162 quia
532 3083 651 3145 contra
667 3079 837 3144 Romanos
854 3080 975 3143 Franci
995 3080 1141 3164 patriam
1159 3100 1257 3146 suam
1275 3081 1319 3146 li·

276 3179 353 3247 bere
369 3184 542 3262 tenebant,
563 3190 597 3250 et
616 3187 770 3271 precipue
786 3187 876 3250 inter
895 3186 1081 3270 Sequanem
1098 3191 1132 3251 et
1153 3186 1314 3273 Ligerim,

278 3289 330 3353 ubi
347 3289 591 3356 habitationem
604 3312 703 3376 quam
718 3292 898 3377 plurimum
916 3290 1114 3377 diligebant.
1134 3291 1222 3356 Pars
1237 3312 1316 3358 uero

275 3395 345 3472 illa,
363 3397 397 3459 in
420 3417 485 3481 qua
502 3399 729 3463 Parisiensem
751 3398 867 3462 urbem
884 3397 1049 3475 fecerunt,
1073 3418 1136 3483 que
1150 3400 1317 3486 principa·

274 3499 353 3566 liter
371 3504 461 3588 regis
478 3505 625 3590 ipsorum
647 3504 765 3569 domus
783 3510 869 3582 erat,
887 3509 1025 3591 propter
1042 3507 1192 3571 Francos
1206 3507 1316 3572 Fran·

272 3608 322 3671 tia
342 3607 537 3674 uocabatur,
555 3610 624 3684 Que
646 3617 747 3675 antea
770 3610 956 3675 Galliarum
974 3630 1054 3696 pars
1077 3611 1220 3697 quedam
1242 3618 1314 3680 erat

273 3712 307 3775 in
323 3713 479 3799 Europia,
497 3716 602 3780 tertia
625 3720 722 3801 parte
745 3716 873 3795 mundi,
899 3716 969 3782 fere
993 3737 1073 3802 pars
1095 3718 1248 3797 minima,
1265 3723 1314 3786 tu·

272 3839 348 3882 men
362 3821 477 3898 terris,
492 3819 617 3897 flumin,
630 3824 750 3907 pratis
765 3823 971 3901 nemoribus,
985 3823 1176 3902 arboribus,
1187 3827 1308 3903 vineis,

219 3925 253 3991 30
271 3924 441 4005 domibuS,
467 3929 623 4005 annonis
649 3929 808 4014 piscibus,
839 3930 1033 4015 pecudibus,
1057 3935 1305 4014 venationibus,

272 4031 448 4114 fructibus,
463 4037 551 4102 vinis
566 4041 601 4101 et
618 4037 808 4102 hominibus
823 4040 987 4124 gratiosa.
