2970 5430
705 470 865 525 ...103-

319 595 429 680 igitur
442 594 689 671 Faramundus,
702 594 792 659 filins
805 594 1023 660 Marchomiri
1039 593 1131 680 regis
1144 592 1187 658 de
1200 599 1322 679 styrpe

275 701 402 765 Priami
419 700 563 764 Troiane
579 720 700 786 magne
716 701 822 778 urbis,
840 702 1002 777 Francos,
1019 705 1095 786 post
1110 705 1259 786 patrem,
1274 701 1323 765 vi-

275 808 385 873 riliter
422 812 456 872 et
486 807 622 873 fortiter
656 810 785 874 iustitie
820 808 1075 894 complemento,
1111 806 1321 875 curialitatis

274 913 438 999 exemplo,
454 912 660 979 defensionis
675 915 814 993 auxilio,
832 916 969 993 ameria,
984 915 1122 1001 pietatis
1138 934 1179 980 ao
1189 915 1322 981 carita-

274 1021 320 1085 tis
342 1019 510 1097 benefitio,
531 1019 752 1105 gubernabat·
780 1021 944 1087 Videntes
968 1022 1137 1108 principes
1161 1025 1196 1087 et
1218 1040 1323 1106 pares

275 1125 460 1191 Galliarum
474 1128 674 1213 sapientiam
691 1134 726 1194 et
742 1127 973 1194 tortitudinem
987 1130 1211 1222 Francorum,
1226 1129 1321 1215 ipsos

276 1234 424 1297 Francos
448 1232 619 1299 absolutos
642 1241 675 1300 et
696 1233 819 1299 liberos
836 1255 856 1298 a
871 1234 1012 1311 tributo,
1035 1235 1238 1319 semetipsos
1258 1233 1321 1299 sub

275 1340 501 1417 Faramundo,
521 1362 599 1406 suas
615 1343 844 1426 possessiones
866 1341 907 1406 ah
930 1343 1001 1427 ipso
1018 1339 1235 1426 recapiend0,
1250 1339 1321 1406 illi-

275 1466 337 1530 que
353 1447 545 1533 homagium
569 1453 729 1532 tanquam
747 1448 820 1533 regi
845 1454 880 1514 et
902 1448 1036 1512 domino
1062 1442 1229 1521 sariendo,
1259 1464 1320 1508 suo

223 1565 256 1621 10
273 1551 408 1617 domino
424 1552 662 1631 submiserunt,
673 1559 707 1618 et
717 1554 838 1638 ipsum,
856 1555 934 1639 quia
948 1554 1014 1617 iam
1031 1573 1092 1617 rex
1107 1552 1319 1616 Francorum

274 1668 361 1738 erat,
381 1681 494 1747 regem
512 1681 606 1724 sunm
624 1659 835 1726 concorditer
850 1660 1035 1745 elegerunt.
1054 1659 1182 1722 Tamen
1197 1676 1318 1742 parum

274 1772 350 1853 post
375 1789 478 1832 senex
495 1768 579 1835 obiit
601 1768 656 1852 qui
673 1766 851 1832 laudabilis
873 1787 1025 1852 paganus
1042 1765 1155 1831 luerat
1171 1767 1207 1830 et
1222 1783 1319 1829 ama-

274 1883 342 1941 tur.

317 2196 453 2265 Mortuo
488 2201 652 2286 siquidem
695 2202 927 2279 Faramundo,
961 2200 1050 2267 filins
1082 2221 1163 2266 suus
1198 2198 1313 2266 Clodio

273 2307 451 2390 utrumqne
485 2328 625 2394 regnum
657 2310 864 2373 Francorum
888 2308 1046 2374 videlicet
1075 2312 1110 2373 et
1140 2307 1312 2373 Gallorum

274 2415 421 2498 suscepit
434 2414 615 2480 secundum
628 2415 887 2482 consuetudines
901 2412 1168 2500 gubernandum,
1180 2420 1312 2479 mortuo

271 2522 385 2583 tamen
410 2522 482 2585 sine
506 2522 628 2587 herede
652 2521 758 2588 fratre
785 2543 845 2586 suo
868 2522 995 2586 maiore
1017 2521 1151 2585 nomine
1168 2519 1308 2584 Crinito.

275 2627 344 2690 Iste
368 2625 483 2693 Clodio
505 2630 539 2693 in
566 2631 742 2696 iuuentute
768 2629 922 2695 amabilis
949 2629 1025 2705 fuit,
1046 2629 1081 2691 in
1106 2633 1199 2693 etate
1223 2624 1309 2690 uirili

273 2732 463 2811 laudabilis,
483 2737 567 2802 etin
586 2756 647 2800 sua
663 2736 936 2801 commendabilis
960 2737 1144 2800 senectute.
1163 2734 1311 2798 Berones

219 2857 254 2914 aa
272 2862 365 2917 uere,
385 2840 485 2909 duces
498 2849 532 2909 et
543 2864 642 2928 pares
655 2844 838 2908 Galliarum
859 2843 1012 2909 videntes
1027 2840 1261 2907 fortitudinem
1280 2845 1312 2904 et

273 2950 473 3034 sapientiam
489 2950 672 3028 Clodianis,
687 2953 742 3035 qui
753 2952 818 3015 iam
830 2970 887 3015 eos
901 2970 920 3014 a
933 2949 1061 3014 tributo
1071 2949 1309 3023 Romanorum,

272 3059 408 3124 uiuente
419 3063 516 3144 patre
529 3058 639 3125 adhuc
654 3079 745 3135 sene,
761 3058 978 3135 liberauerat,
995 3062 1030 3122 et
1042 3076 1099 3121 eos
1112 3057 1180 3119 iarn
1198 3057 1310 3129 antea,

273 3165 369 3249 quasi
394 3186 480 3230 nnus
504 3187 546 3230 ex
565 3168 626 3242 eis,
658 3167 691 3230 iu
721 3165 844 3230 multos
873 3163 1043 3228 exercitus
1071 3166 1142 3227 tam
1171 3160 1312 3247 benigne

273 3273 493 3351 conduxerat,
525 3274 728 3340 meditantes
763 3293 798 3337 se
836 3290 895 3357 per
927 3272 1035 3356 ipsum
1064 3288 1177 3353 regem
1204 3268 1313 3331 Fran-

273 3400 387 3444 corum
424 3379 630 3457 Clodionem,
662 3400 759 3465 quem
788 3381 823 3442 in
850 3378 966 3442 multis
992 3376 1154 3460 optimum
1189 3392 1313 3460 cogno-

274 3491 407 3561 uerant‚
440 3487 613 3553 atributo
643 3508 717 3552 esse
751 3486 886 3562 liberos,
922 3491 956 3550 et
988 3489 1109 3549 contra
1143 3483 1313 3548 Romanos

274 3613 334 3679 per
369 3595 575 3660 Francorum
612 3594 845 3662 fortitudinem
885 3592 1058 3668 sustineri,
1098 3591 1209 3676 ipsum
1249 3588 1317 3654 dic·

274 3707 345 3766 tum
374 3701 579 3780 Clodionem,
616 3723 730 3788 regem
759 3705 978 3777 Francorum,
1011 3706 1112 3765 antea
1141 3719 1239 3763 suum
1267 3718 1314 3764 re

274 3828 349 3892 gem
368 3813 402 3874 et
422 3810 530 3874 tocius
554 3809 662 3874 Gallie
686 3810 882 3894 principem,
910 3806 1065 3881 iudicem,
1093 3804 1265 3871 dominum
1280 3808 1311 3869 et

221 3919 253 3976 30
273 3915 390 3981 ducem
425 3918 648 3982 communiter
680 3920 886 3982 statuerunt.
922 3915 965 3979 Et
995 3914 1044 3977 sic
1069 3933 1089 3977 a
1114 3912 1311 3999 quibusdam

272 4025 401 4110 primus
422 4044 483 4088 rex
507 4024 645 4088 Frantie
663 4025 869 4099 nominatur,
900 4020 987 4106 quod
1016 4020 1104 4084 male
1132 4027 1207 4098 est;
1236 4038 1310 4084 nam

274 4134 403 4214 patrem
431 4148 528 4192 suurn
552 4149 664 4194 senem
693 4128 962 4215 predecessorem
980 4126 1099 4193 habuit
1127 4127 1164 4191 in
1180 4126 1309 4204 Galliis,
