2970 5430
715 475 869 535 ..εω-

266 603 444 673 deuotione
461 627 535 672 eum
548 608 583 673 in
592 607 769 674 eeclesiam
785 604 1016 674 Sancti-Petri
1026 574 1304 695 aspoitademnt.

267 713 396 780 Etcum
411 714 598 782 intrassent
614 735 688 781 oum
701 734 854 801 corpore,
873 715 1040 802 imagines
1054 716 1196 786 eoeleste
1209 738 1306 786 sano·

258 826 379 889 torum
394 826 429 888 et
444 827 637 889 sanctarum
650 829 805 890 sanctum
820 823 1020 889 Formosum
1034 822 1200 892 adorasse
1210 830 1307 894 etue·

268 927 466 995 nerubiliter
481 929 649 995 salutasse
665 948 778 994 eoram
795 928 885 996 olero
900 934 936 996 et
958 930 1080 1017 populo
1093 932 1169 999 uiso
1183 934 1264 1001 sunt
1274 936 1307 1027 u

267 1017 393 1113 audite}
416 1054 504 1100 anno
516 1034 649 1100 Domini
661 1034 953 1121 noningentesimo
968 1040 1004 1103 ot
1018 1036 1176 1123 septimo.

312 1249 515 1315 Anastasius
550 1247 615 1327 ΙΙΙ,
641 1248 825 1313 Romanus.
852 1284 896 1298 -
923 1248 1018 1318 Sedit
1052 1249 1154 1317 aunis
1182 1248 1305 1319 duobus

267 1356 437 1422 mensibus
448 1355 577 1422 duobus
592 1377 600 1436 ;
615 1355 764 1422 cessauit
777 1355 895 1423 diebus
910 1356 1053 1437 duobus,
1068 1376 1161 1425 anno
1177 1356 1305 1425 Domini
1332 1334 1337 1349 ²

268 1465 560 1552 noningentesimo
573 1469 608 1536 et
621 1463 751 1530 decimo
769 1469 903 1550 quarto.

313 1569 444 1651 Lando,
464 1572 648 1637 Romanus.
663 1569 814 1638 -Sedit
827 1571 999 1639 mensibus
1022 1592 1096 1652 sex,
1114 1577 1151 1642 et
1164 1574 1306 1645 ossum

218 1675 251 1735 ¹⁰
269 1679 386 1746 diebus
412 1678 563 1765 trigenta
590 1696 670 1756 uno,
700 1696 790 1745 anno
819 1678 953 1746 Domini
967 1679 1305 1768 noningentesimost

269 1786 398 1853 decimo
411 1785 542 1871 quinto.

314 1892 483 1959 Iohannes
497 1893 543 1971 X,
559 1892 745 1961 Romanus.
758 1927 799 1943 -
810 1890 906 1959 Sedit
917 1893 1017 1959 annis
1031 1892 1211 1972 tredecim,
1223 1913 1306 1963 mon·

272 1999 364 2066 sibus
382 1999 524 2079 dnobus,
548 1998 666 2065 diebus
683 1998 806 2078 tribus,
829 2017 918 2064 anno
943 1999 1076 2066 Domini
1092 2000 1306 2089 noningento-

270 2108 355 2173 simo
379 2105 508 2173 decimo
532 2108 688 2193 septimo.
717 2105 797 2172 Fuit
822 2104 912 2170 filius
931 2105 1041 2194 Sergii
1057 2126 1155 2196 pape,
1172 2108 1305 2175 inuasor

270 2215 484 2302 episcopatus
509 2214 672 2280 Rauenne
687 2218 722 2280 et
738 2212 871 2278 demum
884 2231 905 2277 u
916 2212 1037 2299 populo
1047 2216 1082 2278 et
1101 2210 1195 2279 clero
1209 2208 1305 2299 dopo·

271 2322 366 2387 situs.
379 2321 472 2406 Papa
488 2318 598 2387 lactus
611 2326 675 2387 est.
694 2320 803 2385 Huius
818 2320 1011 2407 oonsilioet
1024 2319 1167 2395 auxilio,
1188 2319 1304 2388 Sirra·

271 2427 357 2504 ceni,
374 2427 431 2513 qui
444 2427 478 2492 in
489 2426 640 2493 Ytaliam
651 2424 926 2504 dominabantur,
940 2446 1045 2514 prope
1056 2425 1175 2494 urbam
1184 2424 1304 2494 deuicti

272 2539 363 2600 sunt.
392 2533 517 2600 Postea
543 2534 608 2600 iste
636 2552 723 2621 papa
754 2533 788 2598 in
809 2532 933 2622 Apulia
958 2537 1079 2601 contra
1101 2532 1303 2601 Sarraoonos

272 2641 475 2708 uictoriosus
487 2639 570 2723 fuit;
584 2641 665 2709 etin
677 2640 802 2720 reditu,
817 2639 1011 2707 altomanis
1021 2658 1097 2705 oum
1114 2637 1247 2707 honoro
1261 2654 1306 2705 ro·

219 2764 255 2822 ρο
273 2753 465 2834 oeptusest.

316 2855 379 2921 Illo
403 2861 567 2941 tempore,
595 2851 704 2919 Guido
717 2851 881 2928 marchio,
903 2868 964 2938 pro
986 2848 1189 2918 discordias
1203 2848 1307 2918 Βοωι

272 2960 444 3047 expulsus,
469 2958 645 3026 mandauit
671 2958 841 3045 Ungaros,
869 2959 927 3044 qui
942 2958 1119 3025 uenientes
1131 2955 1308 3029 dextruxe-

272 3074 352 3132 runt
367 3066 536 3143 Tusciam,
554 3071 682 3131 terram
698 3064 928 3129 Romanorum
941 3085 949 3144 ;
964 3068 1000 3131 ot
1015 3084 1058 3130 ox
1073 3063 1134 3131 illo
1145 3068 1305 3152 tempora,

272 3174 399 3241 assueti
424 3179 503 3240 sunt
524 3171 653 3258 Ungari
678 3170 841 3237 Romanis
864 3189 997 3237 nocere.
1041 3172 1180 3237 Domum
1223 3168 1307 3237 idem

273 3281 441 3347 lohannes
456 3299 555 3367 papa,
568 3277 720 3345 Guidone
735 3297 756 3342 a
771 3277 935 3343 Romanis
950 3276 1073 3355 occiso,
1098 3295 1119 3343 a
1146 3274 1307 3346 militibus

177 3475 181 3482 Ι
272 3387 435 3454 Guidonis
463 3389 709 3465 incarceratur,
741 3391 774 3452 et
801 3384 934 3451 demum
963 3383 1214 3473 strangulatur.
1240 3382 1308 3461 Quo

273 3495 452 3575 defuncto,
476 3496 563 3562 ulter
588 3494 758 3561 Iohannes
786 3490 968 3561 malefacta
992 3490 1150 3572 efficitur,
1179 3495 1223 3561 st
1237 3488 1308 3559 ideo

273 3605 364 3672 inter
379 3611 510 3671 eeteros
524 3603 662 3669 minime
678 3606 891 3667 numeratur.

318 3821 387 3886 Leo
405 3819 485 3896 Vll,
516 3819 702 3884 Romanus.
719 3850 764 3866 -
789 3812 883 3881 Sedit
902 3812 1074 3880 mensibus
1097 3832 1171 3893 sex,
1194 3810 1310 3879 diebus

223 3950 259 4008 30
275 3926 464 4014 quindecim
478 3948 486 4006 ;
500 3924 647 3992 cessauit
666 3922 783 3989 diebus
795 3920 922 4001 decem,
942 3940 1031 3990 auno
1047 3922 1180 3990 Domini
1195 3922 1311 3991 nonin·

276 4034 463 4122 gentssimo
478 4037 513 4099 et
525 4030 697 4100 tricesimo
717 4028 875 4096 secundo.

316 4140 506 4227 Stephanus
519 4137 618 4214 VIII,
647 4138 832 4203 Romanus.
857 4171 904 4191 -
927 4134 1022 4204 Sedit
1042 4137 1143 4203 annis
1166 4133 1308 4215 duobus,
