2970 5430
704 506 861 575 ..994-

311 631 394 697 Post
408 631 608 719 Gregorium
630 635 678 699 IV
696 656 703 699 :

310 738 448 824 Sergius
464 741 510 817 ll,
526 740 770 807 Romanus.'-
783 739 877 806 Sedit
887 739 986 805 annis
999 736 1122 812 tribus,
1137 733 1306 801 mensibus

266 844 407 923 duobus,
434 852 468 912 et
494 849 641 914 cessauit
663 846 779 912 diebus
813 845 1014 931 quindecim.
1037 844 1103 909 Hic
1122 840 1307 937 uocabatur

267 951 312 1016 Os
325 952 428 1036 porci.
447 952 541 1017 Unde
557 952 598 1018 ab
612 954 677 1020 isto
693 955 727 1018 in
744 958 857 1030 antea,
874 973 990 1019 omnes
1001 952 1175 1040 proprium
1187 971 1305 1027 nomeu

268 1057 303 1122 iu
330 1064 453 1143 papatu
481 1064 711 1127 mutaueruut.
742 1060 810 1126 Iste
834 1060 1011 1127 coronauit
1044 1057 1247 1126 Lotharium
1273 1058 1305 1124 iu

268 1163 517 1248 imperatorem.

313 1271 381 1336 Leo
398 1272 440 1349 V,
459 1273 642 1338 Romanus.
660 1273 812 1340 -Sedit
832 1273 931 1337 annis
951 1277 1038 1352 octo;
1058 1269 1232 1340 mensibus
1250 1272 1305 1339 tri·

270 1374 342 1453 bus,
362 1376 478 1443 diebus
495 1399 570 1458 sex;
589 1381 736 1446 cessauit
751 1379 868 1445 diebus
885 1400 956 1445 sex.

314 1484 377 1550 lllo
396 1491 558 1572 tempore,
577 1486 766 1573 ridulphus,
784 1507 845 1551 rex
863 1487 1063 1573 Anglorum‚
1081 1506 1187 1553 causa
1205 1485 1306 1554 deuo·

218 1603 251 1660 10
269 1592 385 1669 tionis,
402 1593 496 1658 uenit
514 1594 666 1671 Romam,
682 1598 717 1659 et
732 1613 844 1659 coram
862 1594 974 1659 Leone
994 1613 1082 1681 papa
1104 1592 1230 1662 obtulit
1243 1594 1306 1663 tri·

270 1698 385 1765 butum
416 1706 534 1767 saucto
561 1701 686 1767 Petro:
715 1700 873 1767 videlicet
897 1700 1029 1768 deuna
1054 1721 1186 1787 quaque
1209 1700 1305 1768 domo

271 1826 441 1870 nummum
457 1813 655 1894 argenteum
680 1808 714 1872 in
737 1827 837 1872 auno.
856 1808 925 1872 Iste
946 1806 1100 1894 pontifex
1120 1808 1308 1876 catholicus

271 1912 374 1978 multe
387 1915 560 1999 patientie.
576 1917 745 2001 multeque
756 1915 959 1981 humilitatis
975 1914 1052 1992 fuit,
1068 1915 1213 1982 multum
1227 1913 1308 1981 bene

271 2019 457 2098 litteratus,
476 2023 603 2108 vigiliis
623 2029 657 2088 et
672 2021 882 2089 orationibus
909 2043 1040 2110 semper
1065 2024 1231 2091 intentus.
1249 2022 1310 2089 Hic

272 2128 380 2212 primo
397 2126 437 2192 ob
454 2128 567 2195 studia
583 2129 775 2197 litterarum
796 2131 830 2193 iu
849 2130 1056 2195 monasterio
1080 2129 1311 2196 Sancti-Mar-

272 2235 336 2301 tini
366 2235 569 2302 confessoris
594 2238 691 2302 iuxta
718 2237 893 2303 ecclesiam
924 2237 1154 2305 Sancti-Petri
1182 2238 1312 2324 positus

276 2340 351 2419 fuit,
368 2343 482 2427 inquo
499 2345 757 2410 conuersatione
776 2351 810 2409 et
832 2345 975 2410 scientia
994 2348 1047 2410 est
1071 2340 1263 2435 perfectus;
1279 2349 1313 2411 ct

242 2464 246 2487 ¹
274 2447 320 2512 ibi
337 2448 402 2514 fuit
418 2448 602 2514 monachus
618 2459 652 2514 et
667 2448 851 2536 professus.
870 2452 953 2518 Post
968 2450 1221 2529 monachatum,
1236 2470 1313 2519 care

274 2554 397 2620 dinalis
412 2553 590 2641 presbyter
603 2553 712 2620 factus
729 2561 781 2622 est
794 2557 896 2623 titulo
912 2556 1314 2627 Sanctorum-Coronatu-

219 2666 254 2721 20
275 2662 526 2736 rum-Quatuor.
546 2661 713 2727 Ecclesias
730 2660 838 2727 Urbes
856 2682 1024 2748 quosquos
1038 2663 1219 2730 Sarraceui
1235 2663 1316 2730 des·

274 2773 455 2834 truxerant
467 2769 687 2834 restaurauit.
703 2769 766 2832 Hic
777 2767 856 2834 fecit
866 2768 1040 2835 collectam
1051 2769 1172 2836 istam:
1191 2770 1313 2848 «Deus,

275 2876 369 2940 cuius
385 2875 539 2953 dextera,
551 2882 690 2961 propter
704 2875 910 2941 Sarracenos
925 2877 959 2941 in
976 2876 1063 2942 mari
1076 2882 1197 2945 contra
1216 2878 1317 2964 Xpis·

274 2984 387 3049 tiauos
407 2989 608 3070 pugnantes
624 3013 638 3039 n
651 2981 781 3048 Defecit
794 3002 888 3047 seras
903 2987 1078 3069 portarum
1088 2983 1242 3051 ciuitatis
1256 2982 1317 3049 Le-

275 3090 382 3166 untie‚
424 3097 459 3155 et
487 3088 567 3155 fecit
602 3089 800 3154 collectam:
830 3117 845 3144 a
867 3089 969 3167 Deus,
1008 3088 1064 3174 qui
1089 3086 1189 3155 beato
1216 3088 1318 3155 Petro

276 3196 420 3263 collatis.
437 3226 451 3252 n
469 3197 513 3263 Et
525 3197 648 3262 miratu
663 3216 760 3282 prece
785 3214 846 3260 sua
860 3195 1066 3261 Sarracenos
1082 3195 1117 3260 in
1129 3195 1217 3261 mari
1237 3192 1318 3261 sub-

278 3303 408 3368 mersit.
428 3302 572 3369 Sanctus
586 3302 760 3370 confessor
770 3307 833 3368 est.
848 3300 1046 3368 Celebratur
1057 3301 1163 3368 Rome
1172 3303 1207 3367 in
1217 3300 1319 3369 ecclo-

278 3409 330 3472 sia
351 3408 581 3476 Sancti-Petri
599 3429 699 3495 super
715 3408 880 3475 tumulum
897 3406 1061 3473 memoria
1085 3407 1158 3473 eius
1175 3408 1319 3495 septimo

278 3513 406 3580 decimo
423 3514 587 3580 kalendas
602 3516 750 3601 augusti.

323 3823 422 3890 Circa
448 3825 510 3891 hec
535 3832 700 3913 tempora,
718 3825 873 3890 domiuus
888 3823 1020 3901 Genilo,
1046 3822 1323 3910 archiepiscopus

86 3959 93 3967 ⁴
226 3919 260 3977 30
324 3933 447 3997 Parum
465 3940 541 4020 post
557 3933 640 4000 obiit
655 3933 811 3999 domiuus
828 3932 1043 4010 Anastasius,
1061 3929 1165 3997 abbas
1182 3931 1325 4020 religio-

280 4041 456 4119 sissimus;
487 4042 651 4107 successit
676 4040 771 4106 Dido.
796 4038 960 4109 Defuncto
984 4037 1124 4117 Didone,
1157 4030 1324 4133 magister

278 4147 414 4233 Aquila,
431 4147 666 4239 philosophus,
684 4146 749 4214 fuit
765 4146 882 4214 abbas·
