2970 5430
665 497 824 553 -284-

213 626 299 690 rima
317 625 416 692 utilia
430 624 614 690 Gallicanis
631 626 781 691 ecclesiis
804 629 1011 704 statuerunt,
1030 625 1248 694 conflrmante

212 730 368 818 pontifice
397 732 636 796 Romanorum.
668 731 868 797 Statuerunt
894 751 953 816 pro
984 733 1171 812 canonicis,
1197 733 1247 819 qui

211 844 292 903 tunc
307 836 367 902 suh
382 837 561 922 prepositis
578 836 749 912 uiuebant,
769 837 848 921 quia
863 838 1024 923 prepositi
1049 839 1247 926 temporalia

211 944 298 1009 male
315 942 519 1024 tractabant,
538 949 572 1008 et
585 944 664 1028 quia
685 943 866 1012 nobiliores
885 941 1111 1028 fortioresque
1131 943 1246 1010 canori

210 1051 440 1137 possessiones
458 1048 677 1135 usurpabant,
695 1056 733 1116 ut
752 1049 872 1134 quihus
888 1050 1041 1135 personis
1067 1050 1246 1117 canonicus

211 1156 252 1221 ad
270 1164 397 1222 certum
418 1176 593 1221 numerum
611 1155 757 1222 redactis
772 1155 1066 1242 suumtemporale
1078 1156 1245 1244 proprium

209 1264 409 1351 possideret,
435 1269 469 1330 et
496 1268 534 1330 ut
557 1263 597 1329 de
623 1265 791 1328 communi
817 1283 951 1329 camera
976 1263 1117 1331 cuilibet
1130 1263 1245 1332 distri-

210 1370 378 1450 haeretur,
396 1377 496 1458 prout
513 1374 546 1436 in
563 1372 665 1437 choro
680 1371 805 1436 diuinis
818 1370 933 1437 offitiis
949 1370 1128 1438 resideret.
1149 1373 1245 1439 Insu-

208 1483 316 1564 peret
341 1479 514 1543 monachis
532 1477 709 1564 gallicanis
731 1480 784 1542 est
807 1476 973 1542 indultum
999 1483 1037 1543 ut
1062 1475 1244 1544 femoraliis

156 1598 189 1656 10
209 1586 326 1667 laneis,
350 1587 511 1655 camisiis.
537 1585 698 1671 pelliceiS,
725 1583 825 1661 hotis,
852 1584 1053 1671 caperoniis,
1076 1583 1119 1649 de
1136 1583 1242 1662 hellis,

208 1693 360 1768 almitiis‚
379 1692 611 1778 coopertoriis,
629 1690 867 1768 auriolarihus,
882 1694 917 1756 et
939 1709 999 1777 pro
1016 1689 1164 1757 infirmis
1176 1691 1244 1758 cul·

209 1798 298 1863 ciliis
315 1799 363 1864 uti
383 1803 533 1885 possent.
552 1797 789 1883 Indultumque
811 1805 863 1865 est
887 1799 956 1864 illis
976 1804 1015 1865 ut
1028 1800 1165 1887 magnis
1179 1782 1244 1867 solss

207 1903 460 1991 lempnitatihus
471 1904 905 1990 plurimahabeantfercula
920 1925 994 1971 cum
1005 1907 1104 1992 panis
1117 1905 1244 1974 ferinu-

206 2011 249 2076 lis
264 2019 298 2078 et
314 2011 572 2099 fialispigmenti
587 2018 725 2097 propter
736 2011 897 2077 honorem
911 2012 1201 2099 sollempnitatum
1211 2019 1244 2081 et

206 2118 416 2185 nobilitatem
445 2120 664 2195 Francorum,
697 2139 763 2184 non
783 2127 921 2206 propter
942 2116 1243 2208 ingurgitationem

206 2227 349 2303 uentris,
374 2225 431 2290 sed
457 2226 499 2290 ad
524 2227 772 2312 reparationem
789 2228 942 2294 uirtutis.
967 2228 1009 2294 Et
1035 2230 1115 2314 quia
1135 2230 1243 2296 oleum

206 2331 372 2398 oliuarum
389 2354 454 2397 nou
472 2333 598 2400 hahent
614 2335 749 2411 Franci,
766 2335 948 2402 uoluerunt
960 2336 1107 2422 episcopi
1119 2344 1160 2404 ut
1173 2337 1244 2404 oleo

207 2439 338 2505 lardino
355 2447 506 2508 utantur.
523 2442 711 2507 Voluerunt
728 2443 877 2527 insuper,
902 2441 1128 2508 concordante
1148 2442 1245 2509 illus-

207 2548 356 2614 trissimo
384 2549 566 2626 Ludouioo,
595 2556 633 2616 ut
657 2549 812 2616 monachi
837 2551 907 2614 suis
935 2550 1165 2628 monasteriis,
1182 2570 1244 2636 que

152 2669 187 2724 ‘20
205 2655 308 2733 villis,
338 2659 474 2734 castris,
507 2656 622 2744 burgis
661 2664 695 2724 et
724 2656 921 2724 ciuitatibus
951 2657 1092 2734 hahent,
1118 2655 1244 2743 absque

205 2763 462 2830 conturbatione
480 2768 640 2830 maneant
666 2765 841 2829 laieorum,
867 2763 1133 2849 statueruntque
1155 2764 1245 2849 epis-

206 2871 289 2955 copi,
316 2870 541 2938 concordante
566 2870 700 2935 domino
731 2891 829 2956 papa,
859 2876 897 2937 ut
921 2870 1120 2936 monachia
1146 2870 1243 2956 graui

206 2994 305 3061 opere
322 2984 356 3043 et
370 2976 496 3053 labore,
514 2984 652 3063 propter
663 2977 876 3042 honestatem
888 2975 1081 3053 sacerdotii,
1095 2982 1241 3054 cessent,

206 3090 240 3149 et
255 3083 327 3150 loco
344 3083 481 3160 laboris,
500 3084 541 3148 ad
563 3084 679 3160 horas,
697 3083 844 3170 psalmos
868 3083 1032 3169 quosdam
1053 3084 1244 3151 nominatos

206 3210 266 3275 pro
282 3193 369 3255 uiuis
383 3197 417 3258 et
431 3191 585 3257 fidelibus
602 3189 769 3257 defunctis
784 3197 923 3257 cantent
938 3211 1013 3255 cum
1032 3189 1244 3257 orationihus

206 3297 384 3365 ordinatis.
406 3300 661 3384 volueruntque
690 3306 726 3365 ut
749 3297 905 3364 monaehi
928 3297 963 3360 in
988 3293 1121 3360 Pascha
1148 3301 1184 3361 et
1209 3296 1243 3360 in

206 3405 430 3472 Penthecoste
445 3405 720 3476 consuetudinem
744 3406 777 3469 in
801 3405 941 3470 seruitio
968 3401 1084 3466 diuino
1103 3408 1243 3469 teneant

208 3513 448 3578 Romanorum.

250 4159 555 4249 Hiistemporibus,
571 4162 762 4231 Ludouicus
781 4164 857 4252 pius
877 4162 1046 4232 concessit
1055 4162 1242 4241 canonicis,
