2970 5430
726 528 868 582 ..16-

278 756 326 821 Dc
346 758 530 824 reversione
549 760 659 824 sancti
677 759 910 825 Potentinnid
937 758 1049 824 Trecis
1066 755 1206 823 Senonis
1227 755 1316 822 etde

424 864 623 946 [condictione
643 865 779 931 maioris
801 865 930 931 ecclesie
947 863 1152 930 senonensis.

316 1075 458 1142 Sedente
470 1077 586 1155 Rome,
602 1084 678 1164 post
689 1081 878 1165 passionem
893 1081 1080 1148 beatissimi
1096 1079 1204 1156 Petri,
1214 1077 1314 1166 primi

271 1202 366 1268 pape,
378 1184 684 1264 sanctoClemente,
696 1188 917 1252 circaannum
928 1189 1071 1274 primum
1082 1190 1225 1274 papatus
1232 1181 1315 1250 dicti

271 1292 379 1356 sancti
392 1290 585 1368 Clementia,
606 1293 800 1370 Montanus,
816 1315 927 1359 comes
943 1293 1132 1371 Trecensis,
1151 1296 1186 1357 et
1200 1289 1317 1357 senio-

270 1416 325 1461 res
338 1396 429 1461 urbis
446 1405 581 1468 sanctos
597 1401 668 1477 Dei,
681 1402 920 1467 Potentiorum
937 1409 971 1468 et
986 1401 1191 1478 Serotinum,
1213 1417 1316 1465 oons-

270 1509 425 1569 tructaet
440 1504 594 1570 dedicata
602 1507 744 1573 ecclesia
757 1510 790 1572 in
806 1508 920 1574 eadem
931 1508 1012 1575 urbe
1025 1508 1195 1574 inhonore
1209 1505 1316 1593 Apos-

270 1611 415 1678 tolorum
438 1612 532 1677 Petri
563 1618 597 1677 et
623 1613 733 1690 Pauli,
759 1621 793 1680 et
814 1617 980 1682 ministris
1005 1613 1153 1680 eiusdem
1172 1611 1315 1679 ecclesie

271 1716 437 1784 ordinatis
453 1724 486 1784 et
509 1716 710 1784 suffitienter
728 1722 761 1785 in
782 1721 846 1786 fide
866 1722 981 1808 Xpisti
1002 1720 1192 1796 instructis,
1217 1737 1314 1784 cesos

221 1815 251 1870 ¹⁰
271 1823 483 1902 dimiserunt,
507 1826 750 1892 comminantes
765 1835 798 1894 et
825 1830 1084 1894 interminantes
1105 1847 1146 1891 ne
1168 1824 1315 1892 ulterius

271 1936 385 2013 Trecis
407 1936 441 2000 in
459 1936 573 2022 Xpisti
590 1938 722 2001 nomine
739 1938 972 2023 loquerentur;
994 1936 1051 2002 sed
1067 1957 1142 2002 cum
1160 1936 1251 2001 omni
1264 1947 1317 2001 ca

271 2043 404 2109 lenitate
416 2043 623 2109 recederent.
634 2046 677 2110 Et
686 2046 734 2109 sic
745 2047 872 2110 reversi
883 2052 962 2111 sunt
975 2045 1116 2111 Senonis
1124 2042 1166 2108 ad
1177 2042 1314 2113 beatum

269 2148 499 2215 Saninianum.
518 2151 632 2216 Sancti
657 2171 737 2216 uero
764 2150 899 2216 Altinus
916 2158 950 2217 et
966 2149 1135 2216 Eodaldus
1147 2148 1188 2215 de
1203 2151 1316 2215 Aure·

270 2255 382 2330 lianis,
402 2255 548 2321 Carnoto
573 2265 606 2322 et
623 2258 774 2322 Parisios
803 2257 976 2324 redierunt
1000 2258 1115 2324 eodem
1141 2277 1243 2324 anno.
1270 2256 1315 2323 Et
1402 2275 1404 2277 ·

272 2360 389 2427 beatus
402 2362 617 2440 Saninianus,
630 2363 749 2428 uidens
766 2385 843 2430 suos
860 2366 968 2430 socios
985 2370 1020 2432 et
1037 2365 1219 2452 discipulos
1234 2364 1316 2430 insi·

271 2467 352 2543 mul,
372 2469 502 2554 gratias
520 2471 589 2554 egit
607 2471 759 2536 Domino

271 2899 322 2964 Dc
331 2898 530 2980 snredotionc
549 2901 683 2966 maioris·
697 2903 827 2967 ecclesie
845 2902 1041 2968 Senonensis
1052 2912 1084 2966 el
1096 2903 1137 2965 dc
1147 2899 1313 2985 martyrio

314 3018 505 3073 scriniorum
535 3007 722 3087 Soio'nioni]
743 3009 905 3075 Victorini
921 3022 951 3074 ct
966 3008 1101 3093 parvuli
1112 3007 1265 3093 insontis.

315 3225 542 3292 Circaannum
552 3228 801 3294 Incarnationis
812 3227 976 3293 dominico
990 3226 1312 3314 septuagesimoter·

219 3344 253 3398 lo
272 3332 332 3408 tio,
347 3334 539 3420 incipiente,
562 3342 599 3401 ut
618 3335 734 3401 dicunt
750 3334 896 3420 quidam,
913 3334 1160 3421 septuagesimo
1174 3335 1308 3417 quarto,

273 3438 486 3504 beatissimus
513 3444 728 3519 Somniorum,
757 3444 812 3527 qui
830 3443 863 3505 in
881 3440 1040 3505 suburbio
1056 3435 1254 3512 Senonensi,
1276 3435 1310 3500 in

263 3546 357 3621 vico,
382 3549 436 3631 qui
451 3547 556 3612 Uiuus
571 3548 707 3626 dicitur,
736 3550 960 3614 Senonensem
987 3544 1164 3610 ecclesiam
1186 3541 1312 3628 guber·

273 3652 388 3730 nabat,
415 3654 532 3739 plenus
557 3657 751 3733 uirtutibus,
777 3655 960 3731 miraculis,
981 3652 1076 3718 bonis
1095 3648 1251 3737 operibus
1278 3652 1313 3714 et

273 3759 444 3845 exemplis,
464 3761 658 3826 Senonicam
673 3762 787 3828 urbem
809 3762 963 3838 intrauit,
980 3758 1096 3825 uolens
1109 3775 1181 3822 eam
1198 3753 1313 3821 Saluo·

274 3869 340 3934 tori
368 3869 507 3934 Domino
533 3868 724 3954 adsignare.
750 3871 832 3935 Erat
865 3875 976 3934 autem
1004 3868 1038 3931 in
1065 3864 1181 3931 eadem
1216 3860 1310 3940 urbe,

274 3975 369 4060 quasi
381 3976 415 4039 in
424 3974 545 4052 medio,
561 3974 754 4060 plustamen
768 3973 1202 4061 aparte'Parisiensiprope
1212 3989 1312 4056 quam

275 4104 294 4148 a
317 4088 412 4169 parte
425 4080 724 4158 Autissiodorensi,
744 4082 925 4147 maximum
944 4079 1104 4167 templum
1120 4077 1311 4163 ydolorum,

275 4194 308 4258 in
336 4212 403 4282 qua
423 4189 557 4257 diversa
576 4190 791 4278 symulachra
814 4189 1023 4268 colebantur,
1050 4192 1086 4253 et
1107 4185 1311 4278 specialiter,
