2970 5430
726 508 869 564 -86-

268 631 427 697 Rusticus
439 637 473 698 et
485 632 713 712 Eleutherius,
723 635 877 699 Parisius
891 636 1164 721 predioauerunt,
1181 640 1308 709 multos

268 736 477 823 baptizantes
492 744 527 805 et
541 741 590 805 eis
604 741 779 806 ecclesiam
797 747 1047 819 consecrantes
1063 750 1098 810 et
1114 745 1256 830 populos
1271 747 1307 811 in

267 842 331 908 tide
343 845 512 911 catholica
528 845 717 924 edocentes,
734 848 847 932 eisque
866 848 1040 913 ministros
1057 850 1308 918 ecclesiasticos

267 949 442 1017 ordinatos
454 955 491 1019 et
507 951 709 1020 suffitienter
722 955 907 1020 instructos
917 955 952 1019 in
969 956 1158 1021 commissis
1170 956 1236 1022 sibi
1249 958 1310 1024 mi·

268 1056 419 1121 nistoriis
434 1056 656 1143 preferentes.

312 1272 358 1336 De
369 1275 527 1359 passione
547 1295 609 1340 sua
629 1275 760 1360 loquar,
770 1281 920 1360 tempore
931 1276 1114 1343 Domitiani
1127 1278 1308 1365 imperato-

267 1379 328 1456 ris,
345 1384 379 1445 et
394 1378 434 1444 de
445 1381 630 1466 sepultura,
649 1381 728 1466 quia
741 1380 801 1445 sub
817 1382 889 1466 ipso
906 1382 998 1467 passi
1011 1380 1151 1449 fuerunt
1164 1403 1226 1471 per
1235 1404 1309 1470 pre·
1347 1401 1348 1406 ’

268 1485 391 1551 lectum
401 1486 723 1571 Festanninum,qui
733 1493 854 1552 contra
864 1488 1055 1573 xpistianos
1065 1489 1219 1555 Parisius
1231 1490 1309 1556 mis-

269 1613 325 1656 sus
341 1590 406 1658 fuit
419 1612 481 1678 per
491 1592 617 1659 dictum
629 1594 879 1679 imperatorem.

597 1802 645 1869 De
658 1816 773 1872 sancto
790 1805 970 1872 Clemente.

314 2020 439 2086 Beatus
452 2021 558 2106 igitur
573 2019 727 2086 Clemens
742 2021 832 2087 tilius
846 2021 911 2088 fuit
923 2022 1095 2088 cuiusdem
1108 2023 1232 2089 nobilis
1242 2025 1307 2089 uiri

271 2125 427 2203 Romani,
449 2127 664 2193 Faustiniani
681 2130 827 2205 nomine,
843 2149 886 2194 ex
912 2129 1137 2196 Mathidiana.
1155 2132 1310 2217 Duosque

269 2230 358 2296 filios
372 2233 458 2297 alios
476 2232 658 2310 habebant,
677 2235 877 2300 Faustinum
899 2235 1055 2302 videlicet
1079 2241 1114 2302 et
1131 2237 1307 2303 Faustum.

272 2339 394 2404 Frater
408 2333 621 2406 Faustiniani
639 2343 905 2428 intemperanter
926 2347 961 2408 et
988 2340 1165 2406 libidinose
1180 2342 1311 2407 Mathi-

271 2443 420 2521 dianam,
441 2448 606 2512 sororiam
622 2469 730 2525 suam,
752 2447 1020 2533 concupiscebat,
1039 2454 1074 2514 et
1092 2467 1166 2512 eam
1187 2447 1310 2514 cotidie

271 2551 486 2621 molestabat.
497 2552 594 2618 Vnde
602 2552 827 2628 Mathidiana‚
838 2553 956 2618 nolens
966 2552 1078 2618 odium
1087 2573 1211 2638 ponere
1222 2555 1312 2620 inter

271 2661 431 2725 maritum
443 2665 478 2726 et
490 2659 631 2726 fratrem
649 2661 776 2737 mariti,
789 2660 893 2747 elegit
907 2661 1016 2746 magis
1027 2661 1121 2725 exire
1134 2680 1235 2745 quam
1248 2660 1309 2726 tali

272 2767 419 2851 periculo
429 2786 615 2833 remanere.
631 2768 787 2852 Dixitque
798 2766 1032 2845 Faustiniano,
1043 2768 1190 2833 marito:
1210 2797 1225 2821 κ
1237 2768 1311 2833 Nu-

275 2904 289 2928 u
304 2894 379 2938 men
405 2872 487 2937 mihi
512 2872 600 2939 dixit
615 2893 621 2938 :
638 2874 701 2938 Exi
715 2871 887 2949 urbem,et
900 2871 984 2938 vade
994 2873 1151 2950 Athenis,
1167 2873 1219 2936 uel
1236 2892 1309 2937 cum

219 2997 254 3052 ‘20
275 3009 289 3036 u
303 2980 459 3046 tiliistuis
472 2980 609 3066 peribis.
625 3010 639 3036 n
652 2978 867 3065 stupefactus
880 2980 1121 3046 Faustidianus
1137 2979 1312 3047 misitcon·

273 3091 383 3174 iugem
403 3094 547 3154 suamet
565 3088 648 3153 duos
666 3087 765 3165 filios,
781 3088 980 3152 Faustinum
998 3093 1033 3153 et
1045 3087 1221 3164 Faustum,
1236 3106 1310 3152 cum
1335 3134 1339 3141 -

273 3215 396 3283 magna
408 3194 548 3272 familia,
562 3215 621 3281 per
631 3214 723 3259 mare
736 3193 890 3270 Athenis,
903 3200 937 3258 et
947 3191 1152 3259 Clementem
1166 3195 1311 3278 quinque

274 3324 437 3369 annorum
461 3304 613 3369 retinuit.
634 3304 717 3367 llum
733 3321 813 3365 uero
827 3320 918 3364 mare
935 3301 1197 3385 pertransirent,
1213 3300 1311 3367 nauis

274 3410 488 3498 naufragium
501 3409 653 3496 pertulit,
668 3415 703 3474 et
714 3413 823 3473 mater
836 3408 909 3470 sine
924 3405 1003 3472 llliis
1020 3407 1054 3470 in
1080 3405 1226 3470 insulam
1251 3405 1313 3470 de·

273 3521 363 3586 lecta
380 3524 442 3584 est.
461 3518 543 3594 Que,
562 3524 700 3601 propter
722 3514 809 3579 lilios
830 3513 953 3580 cotidie
971 3513 1135 3588 olamans,
1153 3511 1312 3579 dentibus

275 3646 394 3691 manus
405 3644 485 3689 suas
495 3621 678 3688 lacerabat.
694 3618 842 3685 Tandem
851 3619 1095 3704 aliquantulum
1105 3615 1310 3693 confortata,

274 3736 308 3797 in
328 3732 386 3797 illo
409 3731 482 3795 loco
506 3728 664 3795 manebat
680 3730 770 3794 inter
801 3731 932 3792 ceteras
947 3725 1117 3796 mulieres.
1130 3730 1164 3789 et
1185 3724 1312 3790 uictum

274 3838 345 3903 suis
371 3834 525 3901 manibus
541 3834 752 3920 adquirebat.
775 3833 900 3899 Postea
915 3851 996 3896 uero
1014 3830 1111 3916 quasi
1133 3830 1314 3917 paralitica

273 3942 393 4009 effecta
406 3945 471 4007 est.
498 3941 739 4006 Faustinianus
756 3936 918 4024 siquidem
936 3937 1000 4002 boc
1015 3935 1168 4015 audiens,
1186 3955 1246 4023 per
1260 3935 1315 3999 ui·

223 4063 254 4119 30
274 4049 361 4136 giuti
385 4067 492 4114 annos
522 4065 661 4112 uxorem
690 4046 862 4132 querebat.
889 4046 933 4112 Et
958 4045 1006 4109 sic
1026 4042 1180 4108 Clemens
1209 4043 1314 4109 Rome

274 4155 410 4223 mansit.
427 4155 502 4244 lpse
513 4160 624 4221 autem
639 4174 674 4216 se
694 4153 806 4220 studio
819 4152 1010 4220 litterarum
1028 4151 1172 4217 contulit
1187 4156 1221 4216 et
1237 4149 1316 4241 phi-
