2918 5046
665 482 695 494 -
715 448 820 508 578-

224 582 386 667 accipere,
406 582 462 666 qui
487 581 663 667 imperium
690 599 787 644 suum
800 578 963 644 amissum
990 581 1113 667 posset
1134 596 1257 667 reeupe-

225 710 313 756 rare.
344 692 385 757 Et
422 692 495 755 uiso
531 710 610 777 rege
646 690 866 765 Francorum,
904 686 1164 775 consanguineo
1196 708 1255 771 sm,

224 799 424 884 negotioque
458 817 518 862 suo
540 802 713 873 ernarrato,
734 797 767 860 in
792 794 984 863 hereditate
1007 814 1074 861 sua
1099 796 1256 885 proposuit

222 923 350 969 moram
368 902 478 968 facere
494 904 528 967 in
551 903 696 967 Francia
712 901 870 968 uidelicet
891 902 927 967 in
942 901 1147 971 castellaria
1158 900 1255 971 Gerti-

222 1011 302 1091 neti‚
325 1011 358 1074 in
372 1009 453 1073 uilla
465 1029 528 1093 quc
541 1008 751 1075 Gallicantus
767 1008 974 1075 nominatur.

266 1116 328 1181 Illo
354 1122 514 1201 tempore,
546 1115 737 1201 Stephanus
760 1114 800 1180 de
821 1116 1040 1203 Toriguiaco,
1061 1119 1151 1185 ciuis
1171 1118 1257 1185 Seno·

220 1222 348 1297 nensis,
364 1220 444 1285 seuit
457 1219 529 1284 ficri
549 1221 728 1286 secundani
747 1242 868 1288 nouam
889 1223 1058 1310 capeliam
1077 1224 1113 1291 iu
1144 1223 1256 1291 honore

221 1331 310 1396 beati
334 1329 458 1405 lucebi,
481 1329 624 1414 apostoli
649 1328 689 1393 de
714 1330 891 1415 Hispania,
918 1331 952 1395 in
989 1330 1177 1399 medietate
1192 1336 1256 1419 pou

218 1439 374 1523 primurn,
396 1435 666 1521 quemdominus
690 1434 903 1502 Theobaldus
916 1436 957 1503 de
979 1438 1143 1519 Senonis,
1159 1436 1256 1505 dens

219 1545 341 1621 Bricca,
370 1543 627 1607 archidiaconus
650 1542 870 1626 Stampensis,
894 1542 976 1611 fecit
999 1543 1078 1611 fieri
1093 1546 1129 1611 in
1142 1545 1256 1612 honore

218 1651 326 1715 sancti
345 1650 486 1713 Firmini
503 1654 536 1714 et
552 1650 662 1712 sancti
676 1648 826 1733 Suplicii,
842 1668 862 1715 a
878 1648 1011 1716 dextris
1026 1652 1064 1717 in
1089 1652 1255 1721 introitum

217 1756 355 1821 maioris
371 1755 510 1821 ecclesie
523 1764 639 1839 aperte
653 1755 772 1820 altaris
783 1754 1254 1845 Sa11cti·10hannis·Baptiste.

262 1969 323 2035 1110
361 1976 523 2054 ternpore,
575 1968 787 2034 Theobaldus
829 1968 940 2037 dictus
973 1974 1146 2059 Escae-iera,
1182 1976 1256 2041 ciuis

215 2076 430 2152 Senonensis,
457 2076 535 2142 iecit
565 2075 637 2140 fieri
671 2078 810 2143 terciam
838 2078 873 2141 in
908 2078 1039 2145 honere
1069 2088 1255 2153 sauctorum

215 2184 444 2249 confessurum
469 2185 553 2271 Lupi
584 2186 788 2250 Sunonensis
819 2190 853 2251 et
887 2184 1051 2252 Germani
1090 2190 1255 2257 Autissio-

215 2292 381 2357 dorensis.

259 2401 320 2464 llio
331 2406 493 2484 ternpore,
510 2398 919 2466 CoinnnuniuSenonensis
935 2399 1017 2469 iecit
1029 2400 1107 2469 fieri
1124 2401 1272 2469 domurn¹

213 2527 312 2591 super
328 2506 503 2591 portellam
516 2527 617 2592 prope
635 2509 756 2573 turrim
776 2528 1017 2595 canipanarum
1030 2511 1127 2579 uille.

256 2722 319 2787 1110
335 2728 496 2807 tempore,
518 2720 715 2787 Communia
732 2722 936 2788 Senoncusis
967 2724 1132 2811 sperabat
1164 2726 1251 2791 exire

211 2850 285 2895 curn
302 2830 452 2893 exercitu
468 2847 528 2913 pro
545 2847 623 2913 rege
639 2828 772 2913 Pluilipo
787 2829 1033 2909 illustrissimo,
1051 2836 1088 2899 et
1103 2830 1252 2899 focerunt

211 2938 319 3001 maior
345 2944 380 3001 et
417 2936 508 2999 ciues
533 2934 605 2999 fieri
636 2935 786 3000 tantoria
811 2935 928 3021 pulcra
956 2958 1021 3023 que
1052 2938 1249 3025 pauitlioucs

211 3048 395 3119 uocantur;
421 3041 477 3105 sud
494 3040 610 3106 audito
630 3041 716 3125 quod
736 3040 919 3128 burgenses
941 3044 1122 3129 pecuniam
1145 3042 1251 3111 solue

210 3160 286 3215 rent
315 3148 469 3213 uidelicet
504 3147 665 3212 ‹leciuuain
696 3154 826 3233 partein
852 3149 1015 3217 bonorum
1045 3172 1198 3233 suorum,
1218 3158 1250 3217 et

209 3257 295 3342 quud
309 3257 493 3322 exercituin
512 3276 578 3319 nun
600 3254 762 3334 iacerent,
778 3264 1001 3343 reposuerunt
1024 3262 1251 3327 tentorium

210 3366 242 3427 in
258 3364 424 3428 rennuuni
447 3361 545 3426 durno
561 3382 648 3425 noua
665 3361 766 3427 iacta.

251 3582 349 3644 Anno
385 3578 515 3643 Domini
557 3577 733 3640 millesimo
771 3576 1002 3644 ducentesimo
1030 3580 1248 3669 nonagesimo

166 3764 170 3771 Α
207 3692 340 3769 quartu,
353 3682 543 3747 cardinales
559 3683 713 3758 ltoniuni,
730 3684 784 3766 qui
798 3683 854 3747 diu
866 3682 1117 3753 dissensionem
1131 3684 1250 3753 habue-

209 3804 299 3868 rant,
328 3790 539 3855 rcncorditcr
566 3800 598 3855 et
624 3790 830 3856 unanimiter
863 3790 1041 3878 elegerunt
1070 3792 1106 3859 in
1133 3810 1248 3883 papam

207 3900 376 3963 durninurn
402 3896 539 3961 Petrum
558 3895 598 3960 de
620 3896 795 3972 Munrune,
822 3897 877 3982 qui
894 3896 1001 3963 uitam
1017 3900 1120 3985 quasi
1135 3900 1251 3969 soliu-

206 4008 292 4069 riarn
316 4001 471 4078 durctnu,
498 4002 532 4065 in
565 4002 762 4067 astinenciis
796 4010 830 4069 et
858 4002 985 4089 uigiliis
1010 4024 1248 4091 perseuerans.

207 4111 398 4177 Familiuris
409 4120 482 4173 erat
500 4108 630 4184 liaruli,
643 4110 734 4194 regis
745 4108 868 4193 Sicilie,
882 4116 917 4177 et
928 4114 966 4177 ut
976 4108 1249 4200 dicuntquiduru,
