2970 5430
730 494 873 548 ..44-

512 727 561 792 De
584 727 818 812 Assumptionc
842 728 936 793 brata
959 727 1079 793 Maria.

321 941 419 1007 Anno
444 942 486 1007 ab
514 945 752 1009 lucarnalione
778 942 951 1009 Dominica
978 944 1058 1021 xlii,
1085 941 1189 1009 Petro
1213 941 1319 1010 Roma

278 1044 311 1110 iu
325 1048 487 1113 cathedra
499 1050 565 1131 iam
578 1056 745 1136 suscepto,
762 1050 819 1115 illo
830 1055 993 1136 tempore,
1008 1049 1205 1116 beatissima
1221 1051 1319 1137 uirgo

277 1152 398 1231 Maria,
417 1160 526 1221 mater
540 1157 683 1232 Domini,
704 1157 737 1220 in
753 1155 851 1221 domo
867 1157 963 1221 iuxta
978 1157 1229 1242 montem'Syon
1243 1175 1317 1222 cum

277 1259 392 1326 multis
407 1259 503 1326 bonis
520 1262 715 1327 mulieribus
728 1268 763 1329 et
779 1262 969 1349 uirginibus
982 1269 1064 1330 tunc
1081 1262 1251 1329 manebat.
1275 1263 1319 1329 Et

277 1366 368 1432 illam
389 1367 507 1435 beatus
522 1370 691 1435 Ihoannes
708 1371 942 1456 Euangelista,
958 1370 1113 1456 quamuis
1127 1369 1163 1432 in
1178 1367 1319 1434 remotis

276 1474 429 1558 partibus
443 1475 652 1561 predicaret,
677 1478 788 1563 sepius
803 1475 978 1543 uisitabat.
998 1474 1062 1540 Illa
1077 1493 1159 1539 uero
1177 1473 1319 1562 Domina

277 1580 350 1644 loca
368 1581 428 1644 filii
453 1582 527 1658 sui,
549 1581 726 1648 uidelicet:
754 1569 938 1667 Baptismi,
965 1581 1086 1646 Ieiunii
1101 1631 1109 1659 ,
1127 1577 1315 1656 Passionis,

276 1686 472 1771 Sepultura,
506 1689 777 1755 Resurrectionis
812 1698 846 1757 et
884 1690 1102 1754 Ascensionis
1139 1686 1318 1753 deuotione

226 1805 258 1859 ld
278 1793 393 1858 sedula
411 1800 633 1861 consueuerat
645 1797 800 1874 uisitare,
821 1802 855 1862 et
872 1798 908 1860 ix
930 1796 1030 1860 annis
1047 1800 1124 1880 post
1136 1792 1319 1858 Ascensio-

278 1916 352 1964 nem
372 1902 502 1965 Domini
519 1903 718 1986 superuixit.

319 2226 379 2294 Die
397 2229 501 2313 igitur
518 2226 682 2314 quadam,
702 2227 780 2292 dum
798 2228 831 2291 iu
853 2224 1055 2290 desiderium
1071 2221 1132 2287 filii
1147 2240 1205 2286 cor
1220 2241 1317 2285 suum

275 2333 493 2400 uehementer
501 2333 752 2411 accenderetur,
768 2333 907 2419 angelus
918 2330 959 2395 ad
971 2350 1044 2396 eam
1055 2328 1161 2394 dixit:
1182 2357 1196 2382 u
1210 2326 1318 2391 Filius

278 2470 292 2494 u
309 2446 387 2505 tuus
400 2446 434 2506 te
447 2448 588 2507 matrem
602 2447 769 2527 expectat.
786 2471 800 2496 n
815 2440 875 2505 Cui
886 2439 983 2524 uirgo
993 2437 1122 2502 Maria:
1141 2433 1318 2500 «Obsecro

276 2552 325 2623 ut,
350 2553 530 2632 antequam
546 2549 684 2624 moriar,
701 2547 881 2633 Apostolos
897 2542 1034 2610 insimul
1050 2541 1201 2618 uideam,
1225 2546 1260 2607 et
1278 2546 1318 2607 ut

276 2652 389 2717 anima
402 2674 486 2730 meo,
506 2653 547 2718 de
562 2674 700 2740 corpore
715 2655 844 2730 exiens,
863 2651 991 2717 nullum
1007 2648 1122 2714 uideat
1133 2647 1316 2733 malignum

278 2787 292 2811 a
310 2759 505 2842 spiritum.»
523 2760 583 2825 Cui
600 2760 760 2847 angelus:
781 2790 796 2815 κ
811 2761 895 2824 Ecce
907 2757 1060 2843 Apostoli
1072 2754 1114 2820 ad
1127 2761 1319 2840 tecongre-

278 2894 292 2918 a
310 2864 480 2950 gabuntnr
495 2873 529 2934 et
543 2869 710 2954 malignos
726 2868 866 2953 spiritus
888 2886 947 2931 cur
965 2865 1100 2940 metuis,
1124 2883 1198 2928 cum
1216 2867 1319 2947 caput

277 3002 291 3026 u
312 2972 448 3058 dyaboli
472 2976 608 3039 omnino
623 2973 870 3041 contriuerisl
906 3002 920 3028 n
936 2973 998 3036 His
1023 2971 1146 3046 dictis,
1175 2967 1317 3054 angelus

220 3090 255 3144 ‘20
275 3078 431 3146 discessit
441 3087 475 3148 et
489 3080 794 3168 splendidissimam
808 3079 953 3166 palmam
969 3076 1117 3162 reliquit.
1133 3075 1176 3140 Et
1188 3072 1315 3139 iactum

274 3192 338 3263 est,
355 3187 432 3253 dum
449 3190 618 3255 Ihoannes
630 3190 664 3253 in
675 3188 842 3274 Ephesum
858 3184 1059 3272 predicaret,
1073 3180 1183 3246 subito
1197 3200 1217 3244 a
1229 3177 1317 3243 nube

274 3290 491 3378 deportatus,
519 3296 653 3361 domum
675 3294 819 3380 uirginis
839 3292 1005 3358 introiuit.
1035 3290 1158 3354 Petrus
1184 3305 1265 3352 uero
1281 3292 1318 3353 et

275 3401 378 3465 ceteri
389 3402 553 3486 Apostoli,
569 3403 696 3480 alocis,
716 3400 772 3467 ubi
788 3405 898 3475 erant,
917 3399 950 3462 iu
964 3396 1107 3463 nubibus
1120 3396 1313 3481 rapiuntur,

275 3516 309 3576 et
325 3528 438 3574 coram
465 3511 576 3576 Maria
606 3518 640 3578 et
666 3511 798 3596 uirgine
823 3507 974 3573 Iohanne
1002 3504 1222 3571 collocantur.
1251 3501 1315 3576 Qui

275 3614 430 3681 uidentes
449 3636 484 3680 se
500 3617 642 3682 inuicem
658 3619 881 3702 congregatos
906 3611 1118 3677 mirabantur
1138 3608 1313 3674 dicentes:

277 3752 292 3777 κ
311 3721 380 3795 Que
408 3729 461 3789 est
486 3743 589 3788 causa
614 3729 874 3810 propterquam
901 3720 1061 3785 Dominus
1085 3737 1146 3782 nos
1172 3734 1319 3801 congre-

278 3858 292 3883 «
310 3828 431 3914 genii?
453 3830 611 3904 »Quibus
637 3831 829 3896 Iohannes:
856 3859 870 3885 u
888 3827 1029 3894 Domina
1056 3831 1175 3891 nostra
1192 3827 1245 3888 est
1274 3822 1315 3886 de

277 3964 292 3990 u
310 3954 448 4021 corpore
463 3955 650 4002 recessura.
672 3967 686 3992 n
707 3937 789 4002 Cum
806 3942 918 4003 autem
945 3933 1045 3999 beata
1060 3932 1190 4007 hlaria,
1216 3929 1315 4015 uirgo

276 4049 309 4107 et
322 4047 443 4120 mater,
464 4063 579 4108 omnes
595 4043 774 4130 Apostolos
796 4043 938 4109 uidisset
967 4039 1102 4106 insimul
1127 4056 1316 4124 congrega-

224 4154 256 4208 30
277 4158 341 4227 tae,
357 4151 532 4215 Dominum
560 4149 743 4243 benedixit.
762 4151 843 4216 Erat
864 4154 975 4216 autem
1001 4151 1137 4213 sanctus
1158 4142 1312 4221 Iacobus,
