2970 5430
739 483 881 535 ..52-

340 610 516 696 Delegauit
535 608 745 695 postmodum
772 608 890 676 beatus
911 609 1116 675 Sauinianus
1142 611 1336 677 Aurelianis

294 722 449 783 sanctum
479 714 631 781 Altinum
658 736 731 780 cum
759 711 918 780 Eodallo.
949 715 999 780 lbi
1030 703 1168 784 sanctus
1197 717 1335 785 altinus

294 823 417 890 multos
451 821 636 908 baptizauit
662 828 696 889 et
721 823 771 887 eis
798 821 973 887 ecclesiam
1002 823 1036 886 in
1064 822 1193 890 honore
1223 824 1335 892 sancti

292 929 455 1014 Stephani
478 928 690 994 consecrauit
708 933 744 994 et
767 928 801 992 in
826 948 866 992 ea
890 928 1064 994 ministros
1087 929 1335 998 ecclesiasticos

291 1034 475 1101 ordinauit.

333 1143 417 1210 Post
426 1141 676 1208 hecCarnotum
687 1143 779 1207 uenit
791 1163 798 1219 ;
811 1140 857 1205 ibi
873 1141 1030 1208 similiter
1041 1139 1334 1230 multosbaptiaa·

289 1250 341 1315 uit
361 1253 396 1314 et
411 1249 460 1314 eis
475 1248 649 1313 ecclesiam
672 1247 762 1312 inira
780 1267 893 1311 muros
910 1249 1060 1315 ciuitatis
1075 1248 1109 1312 in
1124 1247 1254 1314 honore
1274 1250 1334 1318 Dei

289 1356 409 1422 matris
423 1362 458 1421 et
470 1356 614 1440 uirginis
627 1353 816 1428 dedicauit,
832 1354 1073 1439 ministrosque
1084 1353 1333 1435 ecclesiasticos

288 1462 471 1528 ordinauit.
490 1459 583 1534 Quod
608 1459 760 1536 audiens,
778 1459 937 1533 Quirinus
955 1465 1090 1526 sanctos
1110 1461 1145 1525 in
1161 1480 1332 1530 carcerem

233 1582 268 1638 10
287 1570 400 1646 misit,
416 1553 420 1560 ’
436 1566 492 1631 ubi
523 1553 648 1631 multas
676 1564 926 1630 consolationes
942 1564 1089 1631 fidelium
1113 1564 1329 1649 habueruut;

287 1680 484 1758 mortuoque
513 1671 675 1747 Quirino,
705 1671 814 1737 sancti
846 1691 866 1735 a
898 1691 1033 1736 carcere
1060 1670 1272 1752 liberantur,
1297 1685 1332 1744 et

285 1775 496 1863 postmodum
510 1776 663 1841 Parisius
673 1774 896 1853 deueneruut,
911 1776 966 1841 ubi
982 1776 1105 1843 multos
1117 1776 1332 1864 baptizantes

286 1883 328 1948 ad
348 1883 527 1949 Dominum
543 1887 792 1949 conuerterant.
810 1882 936 1947 Deinde
951 1883 993 1948 ad
1009 1884 1133 1961 uicum,
1147 1885 1206 1969 qui
1218 1885 1332 1953 Chris·

284 1991 386 2055 tiolus
402 1989 536 2066 dicitur,
555 1995 794 2074 peruenerunt,
816 1994 853 2054 et
869 1989 992 2055 multos
1008 1988 1053 2053 ibi
1070 1987 1331 2074 baptizauerunt

282 2103 316 2162 et
331 2097 380 2160 eis
390 2095 565 2159 ecclesiam
582 2092 835 2160 dedicauerunt.
851 2095 923 2160 Hoc
936 2095 1089 2174 audiens,
1106 2097 1328 2184 Agrippinas,

282 2220 409 2285 preses,
419 2199 503 2266 duos
513 2199 642 2265 nobiles
653 2199 695 2264 ad
705 2199 804 2265 fldem
817 2221 1010 2278 conuersos,
1023 2208 1159 2269 sanctos
1172 2203 1330 2272 uidelicet

284 2303 469 2390 sigoaldum
483 2310 517 2370 et
529 2303 715 2371 Glibertum
731 2325 805 2369 cum
822 2305 937 2370 multis
955 2307 1032 2372 aliis
1045 2299 1215 2395 'martyrio
1229 2329 1342 2378 coro-'

284 2412 390 2477 nauit.
421 2411 536 2477 Sancti
562 2431 644 2475 uero
668 2411 805 2477 Altinus
823 2418 858 2478 et
885 2411 1047 2494 Eodaltus
1068 2415 1211 2481 Senonis
1247 2424 1328 2484 sunt

284 2537 424 2583 reuersa

228 2854 263 2908 20
324 2845 371 2909 At
394 2862 475 2908 uero
490 2839 599 2930 sancti
625 2842 849 2909 potentianus
863 2847 897 2908 et
920 2842 1096 2907 Serotinus
1117 2841 1247 2921 Tronis,
1266 2843 1325 2911 illo

100 2928 108 2942 ⁸
280 2957 442 3035 tempore,
457 2947 606 3024 fuerunt,
622 2947 677 3012 ubi
691 2946 815 3015 multos
827 2949 1098 3034 baptizauerunt,
1110 2956 1145 3015 et
1157 2951 1207 3015 eis
1222 2950 1327 3017 eccle·

281 3059 379 3133 siam,
389 3057 422 3120 in
434 3055 562 3120 honore
574 3053 811 3139 Apostolorum
826 3054 919 3119 Petri
937 3061 971 3120 et
983 3053 1093 3132 Pauli,
1107 3074 1326 3122 consecrane-

280 3170 372 3241 runt,
392 3164 447 3250 qui
466 3163 532 3226 iam
561 3161 665 3226 Rome
692 3161 783 3246 passi
805 3160 941 3227 fuerant
960 3159 1021 3225 sub
1040 3161 1188 3239 Nerone,
1218 3163 1324 3229 tertio

279 3269 442 3335 kalendas
468 3267 554 3344 iulii,
585 3267 703 3352 quinta
733 3265 831 3342 feria,
852 3266 906 3330 uel
931 3265 1112 3331 secundum
1142 3267 1320 3352 quosdam,

280 3381 377 3441 sexta
392 3375 489 3450 feria,
507 3395 573 3460 qua
588 3373 710 3460 sepulti
725 3372 873 3440 fuerunt.

323 3635 375 3701 De
387 3637 537 3720 passione
554 3638 650 3704 rem·
668 3650 700 3705 rt
726 3639 827 3705 Pauli
838 3653 870 3705 et
889 3643 930 3708 de
948 3654 1064 3708 sanctu
1079 3642 1273 3724 Petronilla,

753 3767 893 3831 carpine.

321 3926 430 3991 Annis
447 3924 567 4011 viginti
584 3925 728 4011 quinquo
753 3927 787 3990 in
803 3925 966 3991 cathedra
979 3934 1122 4014 papatus
1136 3929 1224 3996 sedit
1238 3929 1322 3996 bea·

275 4034 428 4098 tissimus
453 4033 588 4108 Petrus,
616 4039 650 4099 et
674 4054 789 4098 meuse
811 4052 878 4097 uno
899 4038 934 4098 et
957 4031 1074 4099 diebus
1091 4039 1239 4121 septem;
1264 4038 1321 4102 eui

221 4141 255 4199 30
276 4139 410 4205 iunctus
424 4137 536 4204 luerat
551 4136 668 4204 beatus
684 4138 822 4214 Paulus,
845 4137 964 4203 doctor
977 4140 1141 4224 gentium,
1161 4137 1206 4203 ad
1227 4137 1322 4204 sola-
