2918 5046
694 436 855 495 -w-

255 576 393 629 cessone
410 562 555 643 emulis,
577 564 751 653 depositm
765 571 831 635 est.
849 565 1040 634 cuins-leco
1052 564 1234 655 pepones
1248 564 1303 635 Π

254 669 478 736 communiter
491 670 653 758 eligitnr3
672 672 730 738 sed
750 671 866 739 eodem
886 692 990 749 enno,
1015 671 1166 739 Romani
1187 672 1304 739 Bone·

254 770 380 840 dictum
395 776 426 841 V
440 776 627 864 elegerunt,
646 779 760 847 Leone
782 800 849 847 non
871 791 1018 857 mortno,
1036 798 1078 846 eo
1092 778 1183 867 quod
1198 778 1302 867 impe·

255 888 351 949 rotor
369 904 444 949 eum
468 886 691 972 imposuisset.
723 889 818 954 Tunc
841 885 928 955 Octo
951 886 1138 973 imperator
1154 886 1300 953 Rom

255 987 386 1056 obsedit
417 994 453 1057 et
477 992 696 1061 Benedictum
723 992 890 1080 deposuit,
932 992 1146 1081 Leonemque
1193 992 1301 1061 resti-

256 1098 335 1161 tuit.

298 1204 501 1273 Benedictus
516 1206 560 1274 V.
577 1242 622 1259 -
632 1209 759 1276 Tamen
774 1207 863 1277 sedit
876 1205 1049 1275 mensibus
1067 1206 1213 1287 dnobus.
1230 1204 1301 1277 dio·

255 1308 318 1377 bus
330 1313 493 1401 quinque;
515 1315 653 1383 tolidem
668 1316 816 1384 traditus
831 1314 896 1383 luit
911 1314 1031 1382 Octoni
1043 1314 1247 1403 imperatori
1264 1320 1300 1383 ct

256 1424 291 1487 et
303 1419 488 1508 depositus.

204 1526 238 1582 ¹0
301 1525 370 1590 Leo
402 1528 464 1593 IX.
482 1562 526 1579 -
543 1528 772 1609 Restituitur3
806 1526 894 1596 sedit
929 1546 1019 1595 anno
1054 1546 1136 1607 uno,
1181 1548 1299 1595 mense

255 1638 377 1717 quarto
393 1653 402 1712 ;
420 1635 568 1701 cessauit
582 1634 699 1702 diebus
721 1642 861 1723 septem.
880 1635 956 1714 Hic,
973 1639 1113 1723 propter
1130 1632 1300 1703 melitium

257 1738 499 1817 Romanorum,
531 1742 587 1827 qui
613 1744 742 1829 seipsos
768 1741 1001 1821 intrudebant,
1021 1741 1204 1811 constituit
1224 1740 1299 1809 llorl

256 1867 377 1933 papum
387 1846 428 1912 de
443 1867 609 1915 consensu
621 1849 847 1938 imperatoris.

302 2064 465 2152 Tempore
481 2064 572 2131 illius
594 2065 757 2132 Iohannis
777 2083 862 2153 pepe
877 2063 959 2141 XII,
980 2064 1036 2151 qni
1058 2068 1130 2131 tum
1148 2062 1299 2133 lubricus

258 2168 335 2247 l'uit,
351 2178 385 2237 et
396 2172 497 2238 istius
508 2173 653 2259 pessime
664 2170 897 2239 tribulationis
907 2173 942 2236 in
955 2169 1106 2237 Ecclesia
1118 2188 1180 2257 per
1193 2170 1300 2239 falson

257 2276 407 2363 prelatos
450 2280 615 2364 apposite,
659 2280 723 2345 isle
760 2278 908 2343 lubricus
947 2275 1152 2345 fornicarius
1183 2276 1298 2345 sedon

256 2383 394 2471 indigne
406 2386 543 2453 tenebat
562 2387 702 2454 ecclesie
725 2388 941 2452 Sunonensis.
969 2386 1119 2473 Eratque
1142 2392 1296 2475 tempore

259 2490 317 2556 illo
344 2498 478 2578 tempus
493 2496 675 2580 pessimum
702 2494 736 2559 in
763 2493 915 2559 ecclesiis
942 2510 1002 2579 per
1031 2492 1207 2579 prelatos3
1240 2490 1299 2561 sed

260 2597 328 2664 Deo
355 2598 571 2679 concedente,
595 2622 714 2688 parum
743 2606 821 2688 post
846 2599 909 2665 hec
932 2600 1080 2666 cessauit
1105 2598 1298 2681 tribulatio,

206 2720 243 2777 ιο
260 2706 349 2793 quia,
376 2706 475 2772 malis
498 2706 540 2772 de
564 2706 673 2773 medio
696 2706 852 2782 sublatis,
878 2710 1115 2771 successerunt
1139 2704 1300 2775 catholici

261 2817 295 2879 et
309 2811 425 2879 fideles
443 2814 499 2899 qui
520 2812 680 2899 prodesse
699 2813 879 2880 uoluerunt
894 2810 1050 2890 subditis,
1067 2831 1135 2877 non
1149 2830 1298 2899 preesse.

304 3232 356 3300 Ad
373 3234 664 3301 Archembaudum
684 3234 848 3301 lubricum
864 3244 1091 3310 reuertamur,
1103 3230 1161 3317 qui
1176 3248 1302 3318 parcn-

261 3350 332 3407 tum
363 3347 399 3407 et
430 3342 648 3429 pecuniarum
683 3342 799 3428 pocius
840 3359 941 3426 qnam
968 3340 1028 3405 Dei
1059 3338 1219 3405 examino
1259 3334 1301 3403 sd

260 3446 461 3534 dignitatem
484 3450 689 3517 Senonensis
718 3448 858 3515 ecclesio
880 3448 1031 3535 eligitur,
1060 3452 1301 3535 etpcrpopnm

262 3554 446 3621 lohnnnem
465 3558 641 3635 lubricum,
661 3558 713 3622 sni
735 3554 892 3633 similem,
911 3552 1145 3620 confirmatur.

306 3673 404 3736 slnnc
428 3674 559 3739 llomini
584 3672 876 3759 noningentesimo
900 3668 1179 3756 quinquagesimo
1202 3682 1302 3739 nono.

261 3794 410 3865 ternpore
425 3782 562 3847 tlotnnis
579 3780 793 3867 imperatoris
808 3785 841 3842 ct
861 3775 1015 3843 Lolharii
1036 3774 1130 3861 regis
1152 3774 1302 3839 Franco-

262 3905 346 3966 rum,
370 3886 429 3951 lllli
448 3885 609 3953 Lurlcuici
626 3889 691 3965 lll,
708 3888 825 3973 quinto
849 3882 1014 3950 kalendas
1031 3882 1117 3959 iulii,
1145 3878 1209 3945 sub
1231 3880 1303 3965 ipso

262 4006 423 4079 ῑιιιιιροιθ,
442 3995 551 4059 oritur
572 3994 744 4059 contentio
766 3993 856 4059 inter
874 3990 1091 4077 Ansegisurn,
1119 3988 1300 4053 Trecurum

210 4108 244 4165 to
263 4104 466 4187 episcopum,
494 4110 529 4167 et
554 4100 736 4166 ltobertum
756 4100 924 4165 comitem.
945 4096 1039 4162 Tunc
1050 4096 1180 4163 eiectus
1195 4092 1301 4161 Ense·
