2970 5430
650 463 805 524 -206-

213 596 362 661 maxima
390 594 455 662 mit
480 615 540 682 per
553 595 748 660 uniuersum
778 592 939 660 mundum
954 595 1104 662 maxima
1123 593 1253 682 pluuia·

212 723 287 766 rum
312 704 407 788 copia
430 704 480 770 ita
504 707 543 771 ut
565 701 760 769 crederetur
783 701 945 768 aduenire
966 701 1143 768 diluuium.
1161 701 1254 769 Tunc

214 807 300 873 bella
314 829 413 894 quam
428 808 572 895 plurima
587 814 622 876 et
634 809 873 876 tribulationes
887 807 1003 876 multe.
1021 806 1142 876 Adhuc
1155 809 1255 897 impe·

213 914 312 981 rabat
326 916 478 982 lustinus
492 917 616 982 iunior.
633 916 716 981 Post
729 935 826 1000 quem
841 936 849 979 :

568 1237 620 1302 De
631 1237 897 1322 imperatoribus.

259 1455 342 1520 Post
360 1455 527 1521 Iustinum
545 1475 552 1518 :

259 1558 435 1644 Tyberius.
454 1593 498 1609 -
515 1559 598 1624 Dum
615 1558 863 1644 perambularet
888 1556 1053 1644 'lybanius
1078 1575 1140 1644 per
1161 1555 1257 1644 pala·

214 1664 311 1741 tium,
339 1665 470 1730 inuenit
494 1664 645 1732 tabulam
670 1684 906 1744 marmoream,
935 1666 1055 1750 inqua
1073 1667 1150 1731 erat
1174 1682 1257 1731 crux

215 1769 337 1837 sculta.
362 1769 509 1856 Cumque
530 1771 623 1836 illam
643 1771 779 1839 fecisset
802 1772 922 1851 leuari,
946 1771 1063 1839 dicens
1081 1772 1258 1861 indignum

166 1881 198 1938 10
215 1895 289 1940 esse
303 1894 435 1940 crucem
450 1876 638 1941 conculcari
656 1875 807 1961 pedibus,
825 1878 982 1962 apparuit
993 1876 1055 1943 sub
1069 1876 1131 1944 illa
1142 1876 1258 1946 tabula

215 1986 250 2048 et
275 1983 342 2047 alia
366 1981 483 2049 tabula
502 1983 537 2046 in
553 2001 618 2067 qua
634 1986 709 2048 erat
727 1987 762 2047 et
777 1982 935 2048 similiter
947 1999 1042 2047 crux.
1057 1979 1208 2067 Cumque
1224 1984 1258 2049 et

215 2090 352 2155 tertiam
382 2088 488 2154 leuari
513 2088 661 2165 fecisset,
691 2088 821 2153 inuenit
847 2087 963 2154 subter
988 2084 1158 2153 infinitum
1180 2085 1257 2155 me-

217 2216 365 2275 ssurum,
378 2201 413 2264 et
424 2197 568 2283 largiter
584 2194 735 2261 ecclesiis
751 2200 786 2260 et
801 2191 1004 2280 pauperibus
1020 2192 1189 2279 erogauit.

262 2405 337 2468 Hiis
369 2404 593 2490 temporibus,
627 2406 746 2474 beatus
774 2407 1021 2493 Gregoriusin
1049 2405 1167 2474 Sicilia
1198 2422 1257 2472 sex

220 2513 346 2577 struxit
368 2513 575 2579 monasteria
592 2514 844 2593 monachorum,
863 2520 898 2581 et
915 2512 1006 2580 inira
1026 2513 1142 2580 urbem
1153 2513 1257 2601 septi·

219 2637 308 2682 mum
333 2618 368 2681 in
386 2638 450 2702 quo
472 2638 508 2683 se
525 2619 604 2684 lecit
621 2619 834 2685 monachum.
856 2619 982 2688 Deinde
1000 2621 1036 2686 in
1048 2619 1255 2688 adiutorium

220 2724 371 2789 Romane
397 2725 488 2790 curie
515 2730 666 2804 uocatus,
693 2726 785 2791 illius
808 2725 902 2793 urbis
927 2724 1188 2793 archidiaconus
1205 2725 1257 2789 est

219 2830 369 2911 effectus,
389 2836 424 2899 et
438 2832 561 2900 multos
577 2831 681 2899 libros
698 2833 910 2919 conscripsit.

263 3048 336 3114 Illis
349 3046 567 3133 temporibus,
582 3045 752 3115 Clotarius
767 3045 858 3114 solus
870 3045 1036 3134 regnabat
1049 3046 1254 3125 in'Frantia‚

166 3172 201 3230 ρο
219 3152 308 3219 filius
331 3151 490 3219 Clodouei
515 3153 627 3239 primi,
655 3157 690 3219 et
713 3153 771 3219 illo
788 3152 950 3238 tempore}
976 3172 1075 3219 soror
1099 3171 1164 3220 sua
1180 3171 1258 3242 gor·

220 3278 332 3337 mana,
346 3263 464 3326 sancta
479 3258 671 3325 Thecbildis
684 3259 778 3338 obiit;
791 3259 827 3323 in
839 3259 1045 3327 monasterio
1057 3258 1258 3328 subsanati·

221 3363 408 3431 Petri-Vini
423 3364 597 3451 sepelitur.

473 3581 562 3649 Itan
576 3581 617 3647 de
631 3578 765 3666 repobus
776 3578 1000 3648 Francorum.

263 3802 347 3869 Post
374 3800 559 3869 Clotarium
588 3799 805 3887 Chilperitus,
832 3797 922 3864 filius
956 3816 1049 3875 suus,
1084 3798 1255 3884 regnauit.

220 3911 283 3977 Illo
308 3913 470 3994 tempore,
499 3907 696 3993 Chilperito,
720 3906 793 3992 regi
809 3905 1016 3970 Francorum
1032 3901 1255 3981 nobilissimo,

220 4017 385 4105 Tyberius
405 4016 589 4102 imperator
611 4014 705 4080 misit
726 4013 834 4079 multa
859 4010 965 4089 dona,
987 4029 1066 4077 suas
1086 4010 1258 4079 amicitias

219 4117 435 4208 acquirendo.
465 4118 670 4206 Chilperitus
703 4119 820 4207 genuit
843 4117 1028 4185 Clotarium
1058 4115 1254 4185 seeundum.
