2918 5046
704 413 862 471 -416-

252 536 406 609 episcopus
424 535 640 605 Leudunonsis;
656 537 691 595 de
704 537 870 597 Alexandro
882 538 1010 596 secundo
1021 546 1051 597 et
1068 538 1283 613 contemptione

252 626 352 683 Caduii
365 645 371 691 ;
384 624 420 684 de
438 625 615 683 Normannis
630 627 661 684 in
679 626 808 700 Appulia
824 635 854 683 et
873 626 1053 700 Campania;
1070 625 1108 685 do
1130 622 1283 685 ootetrtto

255 736 284 784 ot
308 725 417 783 Maltidi
437 725 595 793 comitissa,
616 742 673 801 que
701 726 794 782 votuit
815 726 911 782 uocari
933 724 992 781 fitia
1012 724 1108 782 suncti
1130 722 1227 793 Petri;
1253 722 1286 781 tie

253 826 328 873 tarra
339 832 426 890 quam
442 814 521 873 dedit
532 816 594 888 ipsa
610 815 738 872 Meltidis
761 814 974 873 Sancto-Petro
996 814 1033 872 nd
1048 832 1120 873 usne
1134 832 1220 891 pape,
1234 830 1286 891 que

253 914 327 963 terra
342 922 435 978 usque
448 921 528 962 nunc
548 904 741 963 Sancti-Petri
766 904 801 963 de
815 904 910 963 Roma
935 906 1144 979 patrimonium
1158 904 1286 965 denomi-

254 1003 349 1052 natur.

498 1175 645 1243 Domata
661 1175 869 1261 promotione
886 1175 1046 1245 conciat.

297 1392 395 1458 Anno
408 1392 450 1458 ab
472 1392 712 1459 incarnatione
734 1390 903 1460 dominica
917 1390 1096 1459 millesimo
1119 1388 1288 1457 tricesimo

254 1501 369 1577 tertio,
386 1499 571 1566 Gelduinus
583 1499 670 1587 apud
686 1500 840 1567 Parisios
853 1502 971 1589 quinto
988 1499 1118 1567 decimo
1130 1494 1289 1565 kalendae

204 1629 236 1687 10
256 1604 446 1671 nouembris
472 1606 547 1693 plus
571 1606 765 1673 muneribus
789 1627 888 1694 quarn
922 1608 1036 1695 gratia
1062 1608 1287 1687 consecratur,

256 1713 392 1780 inuictis
408 1712 552 1791 clericis,
572 1713 747 1779 monachis
761 1718 795 1780 et
808 1714 929 1802 populo
941 1715 998 1801 qui
1015 1713 1188 1781 dominum
1207 1710 1291 1779 ttet-

256 1818 411 1898 nardum,
427 1820 691 1897 thesaurarium,
706 1820 892 1906 postulant,
914 1821 1023 1887 uirum
1049 1818 1290 1888 nobilissimum

256 1930 290 1992 et
305 1925 503 2005 honestum;
520 1926 578 1992 sed
592 1927 675 1993 vicit
687 1927 840 2014 potentia
855 1928 958 2013 regis.
973 1925 1100 1994 Postea
1113 1924 1203 1991 idem
1214 1922 1293 1991 bini·

258 2029 385 2096 nardus
405 2033 581 2119 episcopus
594 2032 769 2098 Trecensis
790 2030 928 2100 effectus
943 2036 1007 2099 est.
1025 2030 1154 2098 Voleus
1167 2030 1292 2097 intrare

258 2137 412 2217 Senonis,
442 2139 627 2206 Gelduinus
652 2160 719 2205 non
748 2140 871 2227 potuit,
901 2135 1214 2207 contradicentibus
1245 2136 1293 2203 ci·

258 2246 354 2311 uibus
369 2252 404 2313 et
418 2246 613 2333 proceribus
629 2246 839 2332 quibusdam.
855 2246 928 2321 Qua
946 2244 988 2312 de
1008 2263 1112 2311 causa
1127 2262 1189 2311 rex
1202 2240 1293 2311 Hen-

257 2352 348 2416 ricus
362 2374 435 2418 curn
449 2354 601 2420 exercitu
619 2354 714 2420 uenit
728 2353 871 2420 Serranis
884 2351 1000 2419 eodem
1016 2372 1117 2435 anno,
1135 2354 1172 2419 et
1183 2354 1293 2418 castra

256 2460 368 2544 posuit
391 2460 425 2524 in
447 2458 529 2525 uilla
561 2458 712 2526 Mattiaci
738 2460 890 2525 maioris.
919 2458 1038 2527 Comes
1069 2478 1152 2525 uero
1179 2454 1293 2525 Ande·

256 2567 415 2651 gauensis
431 2566 602 2634 abbatiam
618 2567 941 2636 Sancti-PetriUiui
952 2565 1056 2655 fregit
1066 2571 1101 2634 et
1111 2566 1292 2635 claustrum

204 2684 241 2740 ‘to
258 2672 506 2739 monachorum.
536 2674 629 2739 Tunc
657 2674 813 2740 monachi
834 2678 971 2741 sanctas
993 2672 1156 2761 reliquias
1178 2676 1294 2741 contro

258 2799 315 2845 eos
333 2777 539 2859 detulerunt,
557 2788 592 2848 et
612 2787 693 2849 tunc
715 2783 831 2850 hostes
848 2780 1000 2850 furentes
1016 2802 1052 2849 se
1079 2781 1225 2847 inuicem
1242 2780 1294 2847 in·

257 2884 477 2967 tersecerunt‚
502 2894 537 2956 et
554 2889 613 2955 alii
637 2889 813 2957 audientes
831 2888 996 2955 miracula
1012 2888 1200 2977 fugierunt.
1224 2886 1294 2955 tux

258 2993 423 3079 siquidem
449 3002 611 3074 tremens,
641 3002 821 3082 tactusque
848 3015 963 3062 amore
987 2997 1040 3061 sui
1064 2994 1176 3083 patrie
1201 3010 1293 3081 quom

258 3122 340 3188 erga
362 3102 488 3169 dictum
513 3104 756 3171 monasterium
784 3103 915 3183 habuit,
943 3109 1021 3192 post
1039 3106 1112 3170 tros
1137 3100 1211 3168 dieo
1233 3098 1294 3168 nit

259 3212 423 3281 Parisios.
440 3214 598 3300 Sequenti
614 3234 703 3281 anno
726 3216 849 3281 iterum
873 3214 968 3281 uenit
984 3212 1128 3280 Senonis
1142 3230 1218 3281 oum
1233 3210 1294 3279 tri·

259 3319 320 3385 bus
332 3322 466 3388 milibus
482 3324 631 3388 virorum
650 3328 685 3389 et
697 3328 810 3390 castra
827 3322 940 3409 posuit
953 3321 987 3387 in
1004 3318 1077 3385 loco
1092 3314 1294 3407 quiGalicit·

257 3431 313 3492 tus
339 3425 474 3495 dicitur.
499 3430 709 3495 Monosteria
733 3428 1022 3516 Sancti-Remigii,
1040 3422 1293 3493 Sancti-Iohan-

260 3531 323 3613 nis,
349 3531 601 3601 Sancti·Leonis
627 3543 662 3604 et
687 3536 933 3603 Sancte-Mario
961 3532 1212 3623 frequentet
1239 3550 1292 3597 eu·

263 3637 382 3704 burbia
407 3641 642 3719 incenderunt,
672 3650 707 3709 et
731 3642 855 3709 multos
890 3639 1159 3709 interfecerunt:
1185 3644 1290 3709 tamon

215 3766 248 3823 30
261 3747 434 3815 ciuitatem
451 3770 516 3816 uon
534 3752 763 3829 intrauerunt,
789 3750 847 3817 sed
864 3754 1089 3819 recesserunt.
