2970 5430
635 507 636 511 '
709 529 869 589 -uoa-

274 681 361 740 sore,
393 665 428 728 et
441 661 593 747 reliquiis
608 659 827 747 quorumdam
852 668 1054 748 martyrum.
1077 661 1194 730 Series
1219 646 1315 732 istius

274 769 383 835 sancti
399 766 525 833 Eraclii
538 767 608 833 vite
620 767 810 853 ignoratur,
829 788 907 834 nam
928 787 990 855 per
1001 768 1156 837 diuersas
1171 768 1315 840 tribula·

272 876 395 951 tiones,
411 875 653 941 monasterium
666 874 958 942 Sancti-Iohannis
972 894 1048 944 cum
1057 875 1155 944 libris
1167 874 1314 946 destruc

272 988 344 1050 tum
358 980 434 1047 fuit.
451 982 576 1046 Tamen
600 980 641 1045 de
664 980 737 1066 ipso
754 981 868 1046 Remis
885 981 1011 1068 legitur
1026 981 1115 1069 qnod
1130 983 1167 1049 in
1183 1002 1313 1073 presen-

272 1092 322 1156 tia
345 1109 418 1166 sua,
451 1088 604 1174 angelus,
627 1107 687 1173 pro
709 1087 876 1155 Clodoueo
908 1108 999 1176 rege,
1034 1108 1169 1157 sacram
1201 1091 1311 1159 attulit

205 1203 208 1210 ’
274 1194 478 1269 unctionem,
496 1198 530 1259 et
549 1194 584 1257 in
609 1192 751 1278 quodam
769 1193 896 1280 hymno
916 1193 957 1260 de
974 1195 1048 1282 ipso
1066 1192 1173 1275 iacto,
1192 1195 1312 1264 dicitur

274 1298 360 1385 quod
382 1319 495 1364 cecum
511 1318 531 1363 a
546 1300 728 1366 natiuitate
741 1300 948 1367 illuminauit
965 1305 1001 1369 et
1020 1301 1109 1388 quod
1123 1307 1310 1390 serpentem

274 1409 424 1493 uiperam
441 1410 557 1473 sancte
577 1408 686 1472 crucis
699 1408 873 1494 signaculo
888 1407 1073 1476 interfecit.

274 1727 294 1794 1
297 1739 404 1793 terum
422 1729 462 1794 de
480 1727 625 1796 romum's
640 1705 854 1812 pontificibus
868 1729 927 1810 qui
937 1728 1080 1814 suerum
1095 1741 1246 1818 tempore
1262 1730 1312 1800 itu

619 1836 775 1920 usquead
783 1836 976 1903 Siluerium.

320 2052 376 2117 Hii
393 2048 530 2118 suerunt
542 2051 663 2115 summi
678 2050 852 2139 pontifices
867 2053 1018 2136 tempore
1032 2048 1114 2117 illo:

320 2156 513 2236 Hormisda,
532 2161 671 2223 sanctus
687 2154 872 2222 confessor.
885 2157 1103 2241 -Tempore
1117 2154 1220 2225 istius
1233 2156 1314 2224 Hor·

275 2264 394 2341 misde,
412 2263 617 2331 Anastasius
646 2264 829 2349 imperator
855 2262 999 2330 contulit
1023 2261 1215 2342 Glodoueo,
1244 2265 1313 2351 regi

275 2376 495 2451 Francorum,
514 2374 709 2440 consulatus
726 2373 939 2459 dignitatem.
957 2372 1040 2440 Post
1051 2377 1209 2442 sanctum
1226 2373 1315 2442 Hor-

274 2479 430 2558 misdam,
450 2480 537 2544 sicut
553 2480 707 2564 superins
723 2478 792 2544 dixi
810 2500 818 2543 :

317 2585 351 2650 S.
369 2585 550 2663 Iohannes
574 2593 717 2671 martyr.
737 2621 781 2635 -
798 2587 844 2650 De
856 2587 924 2652 istc
939 2584 1091 2652 Iohanne
1103 2584 1268 2655 scribitur
1280 2588 1313 2654 in

271 2690 422 2775 Dycloqo
436 2691 535 2776 quod,
549 2712 624 2757 cum
643 2696 799 2777 pergeret
816 2689 859 2755 ad
874 2690 1043 2757 Iustinum
1060 2691 1312 2778 imperatorem,

272 2798 474 2875 Corinthim,
500 2798 633 2884 quidem
648 2798 771 2864 nobilis
788 2801 906 2863 sancto
923 2816 1007 2884 pape
1020 2817 1140 2884 equum
1162 2817 1316 2866 mansne-

272 2911 344 2971 tum
357 2904 559 2981 comodauit‚
570 2923 667 2989 quem
679 2904 802 2968 coniux
814 2903 933 2969 militis
946 2901 1063 2968 sedere
1075 2910 1313 2973 consueuerat.

221 3011 378 3097 ‘iusuper
405 3032 503 3097 quem
526 3009 615 3078 sedit
637 3029 741 3101 papa3
772 3008 829 3074 sed
858 3010 893 3074 in
916 3010 1040 3075 itinere
1064 2996 1170 3075 alium
1194 3009 1317 3078 habuit

272 3138 392 3203 equum
415 3122 449 3184 et
462 3121 544 3183 tuuc
562 3137 682 3201 equum
701 3119 913 3182 mansuetum
932 3114 1034 3182 militi
1049 3114 1196 3183 remisit.
1210 3115 1316 3193 Quem

272 3243 346 3289 oum
360 3223 495 3289 domina
507 3223 787 3307 uoluitequitare,
800 3220 1020 3306 equusnoluit
1029 3242 1038 3298 ;
1047 3239 1127 3287 nam
1138 3221 1317 3290 mulierem

272 3334 349 3416 post
369 3335 523 3395 sanctum
549 3331 658 3394 virum
679 3326 870 3393 recusabat.
898 3325 942 3393 Et
961 3325 1180 3393 tuncuobiiis
1198 3334 1319 3397 sancto

273 3454 356 3519 papo
371 3454 491 3520 equum
514 3435 657 3512 remisit,
679 3439 715 3500 et
732 3453 837 3519 equus
860 3432 989 3499 nullum
1005 3453 1224 3503 ascensorem
1237 3456 1318 3524 per·

272 3539 429 3606 mittebat
452 3540 518 3604 nisi
544 3539 651 3604 solum
675 3558 807 3625 papam.
831 3538 924 3603 Tunc
944 3538 1090 3605 Romani
1111 3539 1149 3605 in
1169 3558 1319 3608 consue-

271 3643 421 3711 tudinem
463 3651 622 3731 ceperunt
662 3644 703 3710 ab
745 3644 822 3711 aliis
861 3662 964 3729 equos
996 3663 1208 3713 summorum
1231 3667 1319 3735 pon·

270 3750 397 3818 tificum
418 3772 587 3836 nunquam
605 3752 748 3838 amplius
767 3747 940 3836 equitare;
960 3749 1018 3816 sed
1037 3750 1181 3819 mundos
1194 3752 1320 3823 nolunt

272 3875 329 3922 eos
345 3876 482 3922 seruare
506 3877 648 3943 semper.
674 3859 745 3925 Iste
766 3861 903 3922 sanctus
927 3855 1111 3935 Iohannes,
1131 3857 1168 3925 in
1190 3858 1320 3927 itinere

271 3961 449 4049 Corinthu
468 3983 580 4029 cecum
595 3963 803 4029 illuminauit
817 3966 852 4027 et
866 3966 995 4028 mutum
1015 3960 1108 4049 loqui
1121 3961 1220 4033 fecit.
1233 3963 1321 4033 Post

220 4067 254 4124 30
272 4069 456 4136 Iohannem
478 4090 486 4134 :
