2970 5430
736 458 770 472 -
788 434 824 487 66
842 460 878 473 -

277 571 290 596 ι
304 548 339 608 et
353 541 387 605 in
404 541 506 606 certis
520 538 651 605 inditiis
665 538 858 617 intimasse;
877 538 1024 626 mihique
1039 547 1265 630 preceperunt
1275 550 1316 612 ut

277 677 291 701 u
311 645 489 709 innomine
504 645 562 709 Dei
575 649 609 710 et
626 646 774 730 ipsorum
786 645 960 711 ecclesiam
974 645 1148 714 satiamus.
1164 678 1179 706 n
1203 650 1312 730 Tunc,

275 749 514 836 sicutpredixi,
531 751 622 815 misit
637 750 787 816 Altinum
803 757 837 817 et
854 751 1038 818 Eodaldum
1056 759 1192 823 sanctos
1209 758 1317 823 Aure·

275 857 387 932 lianiS,
405 856 551 922 Carnoto
568 861 602 922 et
623 857 788 934 Parisios,
806 864 840 924 et
858 864 993 927 sanctos
1018 861 1261 928 Potentianum
1280 867 1317 929 et

214 1023 216 1026 ,
274 964 464 1029 Serotinum
483 964 609 1037 Traeis,
625 962 680 1026 ubi
693 962 810 1028 beatus
827 964 1051 1033 Potentianus
1063 967 1188 1035 multos
1208 968 1318 1056 bapti·

274 1070 381 1147 zauit,
399 1076 433 1135 et
457 1070 632 1134 ecclesiam
654 1070 688 1133 in
713 1069 886 1136 beatorum
903 1072 1140 1158 Apostolorum
1157 1077 1254 1145 Petri
1281 1083 1317 1147 et

274 1176 372 1241 Pauli
390 1178 584 1243 memoriam
600 1176 780 1250 dedicauit,
800 1180 883 1245 etin
901 1181 960 1246 illa
974 1183 1318 1252 ministrosecclcsia·

275 1287 378 1352 sticos
395 1285 577 1351 ordinauit.

410 1710 541 1773 Decede
558 1726 710 1784 romono,
732 1708 772 1772 de
789 1708 912 1772 soractis
927 1708 1007 1776 Lino
1015 1719 1048 1774 et
1065 1709 1172 1777 Cloio.

222 1936 253 1992 10
318 1927 422 1992 Rome
433 1923 595 2010 siquidem
610 1924 728 1991 beatus
741 1925 864 1991 Petrus
875 1923 952 1988 dum
970 1921 1118 2000 sedebat,
1137 1920 1311 1990 adiutores

274 2034 336 2098 sibi
352 2032 495 2098 adsciuit
513 2033 633 2096 Linum
647 2031 836 2109 etCletum;
853 2051 920 2096 non
935 2035 1047 2096 tamen
1057 2035 1261 2118 potestatem
1274 2030 1312 2096 li·

272 2140 373 2226 gandi
385 2146 484 2225 atque
493 2139 644 2204 soluendi
655 2140 703 2204 eis
713 2137 868 2214 tradidit,
883 2137 939 2202 sed
952 2139 1137 2203 successori
1150 2157 1223 2215 suo,
1236 2137 1312 2204 Cle·

272 2248 388 2322 menti,
402 2267 497 2331 quem
511 2251 770 2311 consecrauerat
780 2242 857 2308 dum
867 2243 1014 2310 uidebat.
1029 2243 1135 2309 Linus
1151 2250 1185 2310 et
1197 2242 1311 2311 Cletus
1365 2299 1366 2302 ,

272 2352 513 2417 ministrabant
528 2352 709 2429 exteriora
723 2351 845 2415 Petrus
860 2370 942 2417 uero
953 2349 1174 2436 predicationi
1190 2355 1225 2417 et
1237 2369 1312 2416 ora·

145 2498 151 2509 ·
272 2458 356 2523 tioni
377 2458 568 2524 insistebat.

316 2565 421 2628 Linus
432 2565 548 2650 igitur,
561 2565 696 2630 natione
708 2565 828 2642 Italus,
840 2563 926 2630 sedit
938 2564 1053 2642 Rome,
1067 2562 1195 2631 abeato
1207 2563 1310 2631 Petro

273 2670 460 2748 ordinatus,
475 2672 547 2757 ipso
561 2672 663 2737 Petro
675 2672 823 2748 uiuente,
844 2672 943 2736 annis
958 2670 1124 2749 undecim,
1136 2669 1308 2737 mensibus

271 2778 392 2852 tribue,
410 2777 526 2842 diebus
538 2778 711 2844 tredecim.
728 2779 791 2844 Hic
805 2778 953 2864 precepit
971 2778 1064 2842 iussu
1079 2777 1172 2843 Petri
1187 2782 1225 2844 ut
1235 2796 1311 2841 mu·

272 2885 334 2950 lior
354 2886 460 2950 intret
480 2884 668 2961 ecclesiam,
692 2885 803 2950 velato
827 2884 954 2969 capite;
981 2884 1036 2948 hic
1063 2882 1139 2960 fuit,
1163 2902 1225 2970 pro
1246 2881 1309 2973 fide

218 3003 253 3058 ‘20
272 3013 364 3070 uera,
384 2991 549 3075 martyrio
562 2996 754 3057 coronatus.

316 3097 456 3175 Cletus,
489 3098 625 3163 natione
657 3097 841 3174 Romanus,
871 3096 958 3163 sedit
990 3098 1089 3163 annis
1121 3096 1308 3176 duodecim,

273 3224 385 3268 mense
412 3225 489 3281 uno,
514 3203 630 3268 diebus
656 3201 781 3281 decern,
803 3203 939 3289 scripsit
961 3203 1085 3269 multos
1110 3203 1216 3269 libros
1235 3205 1312 3292 xpi-

274 3311 384 3374 stiane
402 3311 479 3376 fidei
496 3311 717 3386 necessarios,
742 3315 873 3394 martyr
898 3310 973 3376 fuit.
994 3311 1057 3376 Hic
1071 3311 1179 3396 primo
1199 3313 1312 3399 posuit

274 3415 308 3477 in
323 3414 447 3480 litteris
466 3416 639 3503 papalibus
655 3416 798 3482 salutem
813 3421 848 3481 et
862 3416 1079 3502 apostolicam
1104 3415 1312 3485 benedictio-

275 3540 362 3583 nem.
380 3521 455 3595 Hic,
478 3524 547 3586 suis
567 3523 715 3609 scriptis
744 3521 943 3607 approbauit
968 3524 1260 3610 peregrinationes
1277 3530 1311 3592 et

274 3629 419 3692 maxime
435 3631 551 3705 Rome,
564 3628 619 3693 ubi
633 3633 770 3715 peccata
785 3628 963 3694 soluuntur
980 3634 1014 3695 et
1032 3630 1204 3715 xpistiana
1228 3629 1312 3696 fides

274 3733 423 3799 docetur.
443 3735 538 3799 Inter
551 3737 750 3820 martyrium
770 3736 868 3801 istius
886 3741 919 3801 et
940 3734 1072 3801 beatum
1089 3735 1309 3814 Clementem,

275 3841 308 3904 in
321 3844 445 3926 papatu
462 3840 661 3918 exaltatum,
673 3846 911 3928 computantur
926 3840 998 3906 dies
1010 3842 1166 3928 triginta.
