2970 5430
708 480 867 539 -uo-

267 622 395 680 mones,
410 603 463 669 ira
477 608 662 689 promotus,
679 605 780 673 iussit
794 625 852 672 eos
865 604 952 692 apud
970 604 1120 693 Frigiam
1131 602 1237 673 exilio
1246 621 1304 672 re·-

266 710 378 796 ligari.
407 711 531 776 Beatus
563 730 643 777 uero
672 711 860 790 Ursicinus,
878 712 914 777 in
943 713 1092 800 Frigiam
1107 711 1303 798 relinquens

267 815 425 902 quosdem
437 822 472 882 et
483 816 642 902 quosdem
654 838 765 883 secum
778 817 915 895 ducens,
934 818 1190 885 lherosolimam
1205 814 1303 895 odiit,

267 928 302 989 et
318 920 404 1008 apud
415 922 584 988 Eraclium
595 925 758 991 remansit
771 924 974 1010 episcopum,
987 927 1022 991 et
1031 923 1179 991 obtinuit
1197 921 1240 988 ab
1251 940 1306 990 eo·

268 1027 343 1094 dem
359 1032 551 1096 sanctorum
574 1030 806 1096 Innocentium
832 1031 993 1117 reliquias
1016 1049 1090 1096 cum
1117 1028 1196 1095 aliis
1223 1026 1309 1095 reli-

269 1135 357 1221 quiis
374 1134 544 1221 pretiosis.
560 1133 686 1200 Deinde
697 1135 836 1200 ueniens
846 1135 1025 1201 Cesaream
1035 1133 1309 1220 Capadoceam,a

231 1327 234 1333 .
267 1238 367 1306 beato
380 1239 507 1306 Basilio
516 1240 712 1327 impetrauit
728 1241 888 1327 reliquias
906 1242 1015 1308 sancti
1030 1240 1202 1320 Mametie,
1214 1258 1309 1307 mar·

269 1347 370 1432 tyris.
389 1345 471 1412 Inde
485 1348 580 1414 uenit
595 1347 936 1434 Constantinopolim,
952 1346 994 1413 ad
1015 1347 1151 1414 beatum
1163 1342 1309 1413 Paulum

269 1455 472 1540 episcopum.
483 1453 603 1519 deinde
614 1455 649 1519 in
662 1454 825 1541 Frigiam,
843 1454 885 1521 ad
902 1454 1037 1520 beatum
1049 1452 1311 1539 llylariummo·

220 1568 254 1626 to
271 1561 359 1626 cium
372 1564 526 1627 sanctum
541 1580 650 1626 suum.

315 1667 450 1733 Mortuo
465 1667 625 1753 siquidem
640 1667 851 1745 Constantio,
864 1667 1028 1746 Iulianus,
1041 1667 1097 1754 qui
1110 1662 1313 1734 metucone

271 1772 386 1849 tantii,
415 1793 456 1838 ne
468 1772 690 1851 occideretur,
719 1781 933 1840 monacatum
951 1773 1099 1861 suscepit
1122 1791 1162 1838 ac
1188 1770 1314 1839 deinde

271 1883 389 1947 exiens
405 1886 561 1968 apostata
577 1881 655 1959 fuit,
681 1885 715 1948 et
742 1901 859 1967 magos
871 1886 907 1947 et
929 1880 1067 1957 ariolos,
1083 1880 1110 1945 si
1122 1880 1313 1966 imperator

271 1987 346 2053 fleri
362 1992 487 2075 posset,
501 1987 705 2075 requirebat.
723 1988 784 2055 Cui
811 1988 938 2055 dictum
950 1992 1037 2055 esta
1053 1986 1196 2073 quodam
1208 2004 1313 2074 mago

272 2094 359 2181 quod
372 2096 402 2174 si
413 2095 512 2161 iidem
535 2096 736 2162 catholicam
762 2094 958 2183 denegaret,
978 2087 1163 2180 imperator
1173 2091 1313 2160 futurus

272 2207 358 2269 erat.
379 2205 517 2269 Demum
544 2203 720 2290 imperium
742 2205 902 2289 suscepit,
928 2202 1077 2268 Ecclesie
1098 2203 1310 2288 persecutor.

254 2308 337 2376 ‚Hic
350 2307 416 2374 fuit
425 2328 529 2394 nepos
541 2308 769 2386 Constantini,
784 2308 1044 2374 desecularibus
1055 2312 1090 2374 et
1099 2306 1314 2375 litteriseru·

273 2416 376 2484 ditus.
391 2400 657 2483 Aconstantino
672 2414 819 2481 secundo
843 2416 967 2480 missus
985 2411 1051 2481 suit
1063 2415 1183 2479 contra
1194 2408 1314 2478 Gallos

274 2526 309 2588 et
323 2521 541 2600 Alemannos,
564 2541 646 2607 quos
661 2520 822 2599 deuincit,
850 2526 886 2588 et
896 2519 971 2586 ideo
985 2519 1027 2587 ad
1044 2521 1233 2587 Romarm
1251 2519 1317 2585 im·

220 2629 404 2715 inperium
429 2627 631 2695 sublimatur
655 2631 732 2714 post
753 2627 1003 2694 Constantium.
1032 2625 1099 2693 Sub
1114 2626 1192 2712 ipso
1217 2624 1315 2714 passi

275 2739 355 2802 sunt
370 2735 497 2800 Paulus
512 2740 547 2803 et
558 2733 726 2800 Iohannes
742 2737 776 2800 et
790 2732 927 2800 cirillus
952 2731 1137 2818 dyaconus,
1154 2726 1191 2799 et
1212 2726 1315 2796 multi

276 2841 346 2908 alii.
373 2843 449 2927 Ipse
475 2841 627 2906 lulianus
643 2839 756 2906 Iudeis
781 2839 953 2906 licentiam
982 2836 1075 2904 dedit
1101 2834 1316 2903 Iberusalem

274 2947 434 3035 templum
451 2947 679 3014 reedificandi.
693 2947 756 3022 Qui
771 2967 814 3012 ex
830 2945 985 3013 omnibus
1004 2943 1201 3032 congregati
1217 2946 1315 3023 eunt,

276 3061 310 3122 et
319 3074 442 3142 magno
452 3053 565 3120 labore
573 3058 703 3139 partem
714 3055 895 3118 maximam
903 3053 1020 3141 templi
1030 3056 1315 3133 construxerunt3

276 3166 312 3228 et
329 3159 486 3226 edificare
501 3159 654 3225 uolentes
673 3179 770 3225 omne
784 3158 870 3244 quod
887 3158 1039 3225 fecerant
1050 3177 1110 3246 per
1120 3161 1194 3225 tres
1206 3174 1319 3223 annos

277 3271 388 3333 motus
403 3264 554 3332 funditus
567 3272 620 3333 est
634 3270 669 3333 et
683 3264 910 3345 destructum3
929 3270 964 3334 et
985 3265 1099 3331 omnia
1121 3283 1185 3351 que
1208 3282 1320 3352 appo—

278 3376 418 3438 suerant
440 3377 664 3450 euanuerunt,
691 3371 845 3438 etmulti
871 3373 1055 3459 perierunt,
1078 3370 1201 3457 reliqui
1232 3389 1320 3438 uero

278 3480 485 3547 Ibernsalem
500 3478 720 3546 demiserunt.

323 3805 488 3880 lulianus,
505 3803 541 3868 in
564 3803 742 3870 cesaream
758 3801 944 3889 Capadocie
958 3799 1111 3878 ueniens,
1130 3795 1231 3864 beato
1249 3796 1323 3863 Ba-

226 3923 262 3980 30
280 3912 356 3979 silio
368 3912 523 3997 episcopo
533 3915 567 3977 et
577 3910 759 3996 xpistianis
771 3908 878 3976 multa
893 3907 982 3973 mala
992 3904 1090 3985 fecit3
1108 3901 1168 3970 sed
1181 3901 1321 3969 demum

283 4019 437 4087 oratione
462 4017 581 4082 Basilii
592 4017 750 4104 episcopi,
773 4015 872 4082 beata
886 4014 1008 4092 Maria,
1021 4012 1120 4099 uirgo
1142 4012 1178 4077 et
1192 4011 1320 4089 mator,

285 4123 433 4221 precepit
447 4123 615 4196 Mercurio
629 4121 741 4208 militi,
764 4127 866 4192 antee
878 4119 1035 4192 defuncto
1047 4122 1082 4191 et
1093 4116 1128 4186 in
1144 4110 1323 4187 monete
