2970 5430
719 496 755 510 -
775 467 878 526 lco-

275 612 334 656 rus
353 591 490 678 regebat
507 592 690 658 Ecclesiam
711 592 948 658 senonensem.
965 592 1076 677 Ipsius
1092 588 1200 656 uitam
1215 588 1315 675 igno·

275 716 402 774 ramus,
413 703 550 792 propter
563 699 809 765 destructiones
822 699 1038 765 ecclesiarum
1050 695 1312 772 senonensium

274 810 387 871 tamen
415 806 566 890 sepultus
580 806 654 883 fuit,
672 813 710 872 ut
729 806 985 892 presumendum
1001 806 1066 880 est,
1093 802 1128 866 in
1147 799 1315 866 cimiterio

274 912 383 976 sancti
399 913 451 976 sui
463 912 721 999 predecessoris,
741 917 774 978 et
793 916 893 998 prout
910 911 1070 996 scriptum
1084 907 1214 985 inueni,
1231 911 1315 982 tem-

273 1034 352 1101 pore
365 1016 435 1095 illo,
452 1017 588 1104 rigebat
603 1019 744 1084 Senonis
757 1018 876 1104 religio
889 1018 1061 1102 xpistisne
1073 1017 1123 1082 ita
1134 1012 1238 1102 quod,
1255 1033 1316 1100 per

273 1119 370 1186 fldem
388 1134 488 1206 quam
503 1123 672 1190 habebant
698 1126 920 1202 senonenses,
943 1144 1058 1190 omnes
1077 1123 1317 1191 illuminaren-

272 1233 329 1295 tur
348 1249 407 1314 per
421 1231 597 1296 circuitum
613 1236 723 1298 cetere
738 1233 907 1299 ciuitates.
926 1231 1155 1316 scribiturque
1171 1231 1207 1295 in
1226 1228 1316 1295 acti·

274 1334 334 1400 bus
350 1337 604 1415 senonensibus,
627 1338 713 1423 quod
730 1338 818 1404 sicut
838 1339 1006 1404 senonum
1021 1333 1102 1401 urbs
1113 1332 1236 1401 inclita
1255 1350 1316 1399 ar-

273 1441 337 1507 mis
353 1442 417 1508 fuit
434 1443 467 1507 in
476 1445 587 1535 prisco
598 1448 760 1529 tempore,
779 1448 959 1529 prepotens
973 1446 1008 1507 et
1023 1438 1250 1527 pregeudens,
1263 1438 1318 1515 ita

223 1553 254 1608 10
273 1551 389 1632 postea
409 1568 468 1633 pre
486 1551 620 1626 ceteris,
639 1550 709 1615 fide
718 1550 898 1627 catholica,
918 1550 1078 1615 bonorum
1094 1566 1234 1634 operum
1249 1546 1316 1614 ho-

274 1657 419 1731 nestate,
450 1656 611 1741 exemplis
638 1655 909 1740 precellentibus,
932 1655 1093 1741 legitimis
1120 1651 1317 1722 institutio-

210 1752 214 1756 *
274 1758 384 1835 nibus,
403 1759 527 1825 diuinis
544 1761 766 1839 sermonibus
788 1760 1055 1848 correptionibus
1081 1761 1183 1827 iustis
1212 1765 1317 1844 utque

274 1863 457 1942 mellifluis,
473 1871 507 1932 et
520 1872 727 1945 sanctorum,
743 1873 945 1953 martyrum,
964 1867 1197 1933 confessorum
1210 1879 1316 1952 atque

275 1970 444 2058 uirginum
457 1970 620 2059 prodigiis
635 1978 670 2040 et
686 1975 828 2052 meritis,
845 1973 1085 2062 pregaudebat.

561 2409 613 2472 De
630 2409 776 2473 romanis
794 2407 1020 2492 pontificibus.

318 2624 348 2688 Α
372 2628 521 2708 tempore
548 2624 660 2690 domni
680 2626 859 2702 Theodori,
877 2626 1134 2712 archiepiscopi,
1150 2623 1316 2711 usquead

273 2734 405 2814 tempus
417 2731 526 2797 sancti
538 2731 672 2813 Eraclii,
689 2732 931 2818 archiepiscopi
944 2731 1160 2807 senonensis,
1176 2729 1317 2797 fuerunt

275 2834 406 2898 romani
420 2833 595 2920 pontifices
618 2836 667 2900 hii
687 2857 769 2921 quos
786 2836 927 2902 inferius
945 2835 1125 2902 annotabo.
1153 2835 1238 2901 Post
1250 2834 1316 2919 ,In-

275 2941 467 3006 nocentium
487 2943 630 3026 primum
651 2964 657 3006 :

220 3053 256 3110 ‘20
319 3048 482 3124 Zozimus,
507 3046 645 3124 Grecos,
672 3053 810 3115 sanctus
830 3049 1013 3114 confessor.
1038 3046 1191 3114 -sedit
1212 3048 1312 3113 annis

275 3152 415 3229 duobus,
431 3151 601 3216 mensibus
613 3159 700 3230 octe,
726 3152 843 3218 diebus
857 3154 1002 3238 quinque
1018 3156 1053 3219 et
1069 3152 1220 3238 uigenti3
1238 3170 1314 3216 ces·

275 3259 366 3324 ssuit
394 3258 510 3323 diebus
526 3258 691 3324 undecim.
708 3260 894 3326 Constituit
907 3281 948 3324 ne
963 3280 1094 3333 seruus,
1109 3259 1238 3336 inuicto
1253 3255 1313 3321 do·

276 3366 378 3442 mino,
394 3365 535 3430 clericus
548 3363 656 3443 fieret,
671 3372 705 3434 et
718 3370 756 3432 ut
771 3385 900 3444 cereus,
916 3364 1056 3431 sabbato
1072 3357 1203 3442 sancto,
1217 3362 1315 3429 bene·

274 3471 419 3547 dicatur,
438 3474 472 3536 et
485 3490 526 3535 ne
545 3471 687 3536 clericus
704 3470 1090 3556 publicus'tabernarius
1105 3473 1208 3536 esset.

320 3575 522 3654 Bonifatius,
541 3577 725 3642 Romanus.
741 3578 900 3643 -Filius
914 3576 1053 3643 locundi
1069 3559 1261 3663 presbytori
1271 3594 1312 3643 ox

273 3685 445 3771 legitima3
475 3681 563 3749 sedit
588 3685 687 3748 annis
717 3684 839 3761 tribus,
868 3683 1038 3749 mensibus
1059 3687 1148 3759 octo,
1166 3683 1314 3749 cessauit

274 3790 390 3855 diebus
407 3788 572 3855 undecim.
583 3791 740 3857 Decreuit
749 3811 791 3855 ne
804 3791 925 3855 mulier
934 3795 993 3856 aut
1006 3787 1173 3854 monacha
1188 3788 1310 3875 pallam

275 3902 443 3965 sacratam
458 3902 628 3983 tangeret,
657 3918 717 3963 nec
744 3898 888 3974 leuaret,
908 3901 941 3962 et
958 3916 1000 3962 ne
1029 3915 1149 3985 seruus
1175 3900 1237 3962 aut
1253 3893 1312 3961 ob-

274 3991 396 4073 noxius
409 4003 500 4068 curie
515 4002 658 4073 clericus
672 4002 780 4070 fieret.
