2970 5430
726 449 883 508 ..m-

140 634 141 637 ,
261 583 454 652 Declarauit
471 580 746 657 Constantinum,
764 577 871 644 fllium
892 574 1304 655 Constantianam

264 712 350 759 esse.

303 784 485 864 Damasus,
501 830 547 846 -
558 795 628 862 Iste
639 795 803 860 Damasus
819 793 998 860 constituit
1009 813 1051 859 ne
1063 793 1100 859 in
1113 791 1236 861 ultimo
1249 811 1305 881 pe·

264 903 451 971 nitentibus
478 900 670 968 sacerdotes
691 900 853 967 uiaticum
879 897 1099 986 denegarent.
1130 898 1305 987 Hispanus

266 1007 330 1075 fuit
345 1012 483 1073 sanctus
495 1003 686 1083 consessor;
705 1003 792 1071 sedit
809 1004 908 1069 annis
922 1012 998 1072 octo
1012 1009 1049 1073 et
1066 1003 1195 1083 decem,
1210 1024 1309 1073 men-

268 1111 359 1177 sibus
370 1115 526 1198 quatuor,
537 1109 835 1197 dieuno.0ptimus
845 1110 1308 1190 uersificaton,multametro

267 1218 422 1304 soripxit.
436 1216 649 1283 lheronimus
661 1218 768 1284 multa
777 1218 903 1304 scripta
913 1217 1021 1283 eidem
1033 1218 1139 1287 misit.
1151 1218 1311 1287 Instituit

270 1320 381 1389 aare
395 1322 490 1407 patri
508 1324 543 1388 iu
559 1321 625 1389 fine
649 1323 769 1410 psalmi
796 1323 986 1390 cuiuslibet.
1015 1324 1139 1392 Diuisit
1163 1322 1307 1393 amau·

269 1431 433 1496 Damasus
448 1428 581 1507 choros,
597 1436 635 1496 ut
651 1429 769 1516 psalmi
783 1429 980 1497 alternatim
995 1435 1213 1499 canerentur.
1226 1430 1314 1499 Mul-

217 1551 251 1606 10
268 1541 323 1604 tas
343 1542 536 1604 sanctorum
562 1535 696 1602 tumbas
723 1537 909 1623 inquirens,
927 1535 1084 1603 uersibus
1112 1536 1307 1605 decorauit.

269 1641 431 1728 iosaphat
442 1643 478 1706 in
495 1642 593 1708 India
607 1642 743 1710 heremo
760 1648 853 1721 erat;
870 1644 1008 1732 Balaam
1024 1645 1134 1730 ipsum
1148 1642 1315 1732 Iosaphat

271 1749 452 1815 conuertit.
479 1747 686 1835 Apollinaris
698 1749 954 1838 Antyoohenus,
975 1748 1095 1817 doctor
1110 1751 1222 1817 sancti
1234 1749 1317 1817 lhe-

272 1856 407 1932 ronimi,
421 1853 583 1935 florebat;
602 1855 721 1922 beatus
732 1856 930 1923 Ambrosius
948 1856 1160 1924 Mediolanus
1174 1856 1318 1926 ordina-

272 1966 341 2027 tur.
364 1961 510 2027 Basilius
531 1961 752 2039 Cesarieusis,
777 1963 961 2050 Gregorius
985 1965 1199 2043 Nazarenus,
1216 1962 1317 2031 Didi·

274 2088 348 2135 mus
376 2069 640 2147 Alexandrinus,
667 2070 837 2137 Martinus
871 2071 1090 2148 Turonensis,
1120 2068 1319 2137 Anthonius

274 2175 390 2253 abbas,
406 2175 656 2253 dquaoharii,
671 2175 850 2254 Ysidorus,
862 2177 1010 2262 Moyses,
1028 2177 1218 2259 Beniamin,
1232 2175 1319 2242 lira·

273 2281 377 2347 clides
389 2279 555 2348 etilffrem
568 2283 676 2348 saneti
689 2279 878 2349 floruerunt
890 2282 948 2348 illo
960 2288 1123 2369 tempore,
1135 2280 1318 2368 etquidem

276 2384 443 2454 obierunt.

322 2707 482 2794 Syritius,
501 2708 686 2783 Romanus,
704 2713 841 2772 sauctus
857 2704 1044 2774 consessor.
1057 2703 1252 2781 -Quiden
1264 2724 1324 2773 uo-
1346 2756 1352 2763 .

226 2833 262 2890 20
280 2817 359 2880 cant
388 2813 490 2880 istum
517 2812 673 2899 syxtum,
692 2812 826 2898 quidem
854 2814 1002 2900 Syrium,
1034 2813 1093 2881 sed
1125 2814 1324 2882 nominatur

281 2917 368 3006 apud
382 2918 551 2985 Romanos
567 2918 727 3004 Syritius,
740 2920 824 2987 utin
837 2919 1013 2988 Pentheon
1028 2921 1215 2988 inuenitur.
1226 2918 1325 2989 Sedit

281 3027 380 3093 annis
391 3025 592 3112 quindecim,
610 3025 780 3091 mensibus
800 3025 966 3106 undecim,
984 3025 1101 3092 diebus
1117 3046 1184 3093 uno
1206 3030 1243 3094 et
1267 3028 1324 3093 ui-

282 3135 388 3222 ginti;
406 3134 555 3200 cessauit
566 3131 683 3199 diebus
700 3154 767 3200 uno
783 3140 818 3199 et
830 3133 967 3220 uiginti.
986 3133 1056 3199 Iste
1065 3131 1323 3198 Manitheosin-

282 3242 375 3308 uenit
388 3240 567 3318 hereticos,
580 3261 663 3326 quos
677 3241 779 3306 exilio
795 3239 1067 3327 condempnauit,
1083 3237 1267 3326 prohibens
1281 3258 1324 3305 ne

283 3347 581 3424 communicarent,
600 3346 667 3411 nisi
679 3346 713 3411 in
725 3347 933 3413 monasterio
950 3345 1074 3412 reclusi
1089 3349 1214 3412 essent-
1233 3344 1325 3413 Gele-

285 3452 398 3519 brauit
411 3453 588 3519 concilium
612 3453 952 3540 Constantinopolim.
971 3455 1133 3540 Tempore
1151 3471 1227 3533 suo,
1245 3452 1325 3519 llus·
1378 3437 1381 3455 ’

284 3560 447 3638 nouimus,
459 3560 723 3648 quipsalteriu'm
731 3560 971 3640 transtulerat,
981 3560 1119 3627 bibliam
1127 3559 1323 3628 transtulit.

285 3664 443 3733 Clarebat
472 3665 626 3732 Ruffinus
644 3667 835 3754 presbyter,
862 3666 971 3734 Paula
994 3686 1068 3733 cum
1098 3665 1170 3733 fllia
1199 3664 1326 3734 Eusto-

286 3772 374 3839 chia.
397 3773 507 3860 Ipsius
523 3779 639 3842 sancte
660 3774 764 3841 Paule
793 3794 926 3861 corpus,
947 3774 982 3839 in
999 3776 1118 3840 nostra
1138 3772 1262 3839 maiori
1276 3790 1327 3841 eo·

235 3906 268 3963 30
287 3878 597 3957 clesiaSenonensi,
613 3880 647 3945 in
663 3900 878 3967 capsaaurea
888 3885 1108 3969 mergentes,
1118 3881 1325 3950 continetur.

287 3985 433 4052 Arsinos
448 3992 586 4053 senator
609 3985 720 4054 iactus
735 3992 788 4055 est
804 3989 983 4068 heremita,
997 3993 1033 4057 et
1051 3986 1238 4057 uirtutibus
1256 3988 1329 4057 cla·

288 4092 370 4160 ruit.
386 4091 512 4159 Eodem
519 4096 681 4180 tempore,
696 4094 731 4159 in
744 4095 874 4161 limaux
888 4096 1041 4176 castello,
1058 4075 1160 4164 natue
1174 4114 1261 4182 puer
1275 4100 1331 4165 est
