2970 5430
717 454 856 506 ..72-

267 576 344 642 dam
359 577 534 643 mulierem
551 580 749 663 parientem,
778 577 980 644 clamantem
1008 582 1043 647 et
1065 577 1310 644 vociferantem

270 681 412 748 audiuit.
424 681 640 751 Affuitetiam
654 683 728 750 cum
739 704 778 750 eo
795 684 930 771 quidam
940 685 1071 750 iuuenis
1079 684 1244 771 phisicus,
1254 684 1311 771 qui

269 792 377 876 ipsum
392 789 433 854 de
450 792 520 855 suis
532 792 687 858 stultitiis
703 792 879 858 irridebat.
898 794 981 859 Post
992 796 1127 878 partum
1141 811 1234 871 uero,
1247 810 1312 858 ou·

270 896 586 963 dieruntmuliorem
602 897 767 965 ridentem
779 906 812 964 ot
823 899 1007 963 maximum
1019 897 1179 985 gaudium
1189 896 1312 980 ¹fatien-

269 1013 349 1082 tem,
365 1026 463 1091 quam
487 1007 578 1092 prius
592 1006 771 1072 audierant
786 1007 834 1070 sic
848 1005 1062 1071 clamantem.
1080 1004 1174 1070 Dixit
1194 1004 1308 1070 Nero:

272 1142 286 1166 u
300 1111 383 1187 Quid
395 1116 447 1177 est
459 1113 542 1178 hoo?
558 1113 862 1178 Istamaudiuimus
875 1118 943 1178 tam
958 1113 1144 1197 impetuose
1157 1109 1312 1176 olaman-

270 1250 284 1274 κ
298 1226 378 1296 tem,
390 1224 423 1285 et
436 1219 532 1285 modo
542 1219 656 1284 ridens
669 1239 727 1305 pre
737 1219 858 1284 ceteris
867 1216 1000 1284 exultat
1012 1222 1047 1283 et
1060 1215 1201 1302 gaudet.
1223 1245 1238 1271 κ
1249 1215 1311 1283 Cui

268 1328 428 1412 phisicus:
443 1357 456 1381 u
471 1326 541 1390 Hoc
552 1326 768 1391 naturaleest
779 1329 827 1401 ut,
839 1345 913 1388 cum
927 1322 1041 1388 dolore
1053 1321 1310 1409 pariatmulier,

271 1462 285 1487 a
315 1440 359 1510 et,
374 1435 567 1518 uisopartu,
583 1431 901 1498 motainenarrabili
912 1450 1026 1496 amore
1034 1429 1313 1497 inenarrabiliter

219 1547 250 1600 10
272 1570 286 1594 a
314 1539 471 1626 gaudeat.
497 1569 510 1594 n
537 1568 550 1592 u
579 1540 645 1603 Fac
671 1559 751 1624 ergo
777 1559 828 1602 me
852 1539 1035 1624 parturire,
1058 1542 1097 1603 ut
1125 1534 1308 1622 gaudeam,

273 1679 286 1703 a
315 1666 427 1732 quum,
444 1646 626 1712 destructis
639 1647 740 1726 Petro
751 1652 784 1711 et
796 1645 917 1721 Paulo,
934 1645 1124 1730 amissoque
1136 1641 1310 1720 Patroclo,

274 1784 288 1807 a
315 1772 413 1817 omne
429 1751 588 1837 gaudium
607 1753 716 1816 amisi.
739 1783 753 1807 n
772 1753 864 1817 Tunc
876 1752 1043 1838 phisicus:
1068 1781 1082 1806 α
1097 1750 1222 1817 Merito
1234 1767 1316 1837 gau·

275 1890 289 1912 u
319 1858 373 1923 dio
386 1878 494 1935 cares,
510 1859 565 1943 qui
579 1858 767 1923 saluatores
781 1859 1009 1925 Romanorum
1019 1865 1054 1925 et
1065 1855 1225 1945 gaudium
1241 1855 1317 1921 des-

276 1998 289 2023 ·
317 1967 506 2032 trusisti.»

317 2290 522 2365 TuucNero,
542 2289 707 2356 stultitior
719 2288 869 2368 effectus,
882 2290 991 2356 dixit:
1009 2319 1023 2344 κ
1037 2291 1063 2354 F
1066 2308 1106 2353 ac
1120 2292 1159 2354 ut
1170 2287 1314 2353 habeam

276 2424 289 2448 u
304 2402 450 2479 partum,
464 2395 665 2480 autperibis.
680 2426 694 2451 n
707 2395 766 2461 Cui
778 2386 927 2482 phisicus
940 2417 946 2460 :
963 2425 977 2450 u
990 2397 1040 2461 No
1053 2414 1202 2480 peream,
1214 2413 1314 2480 posse

276 2531 290 2554 a
304 2520 413 2565 meum
430 2499 560 2578 fatiam,
570 2503 724 2586 quamuis
737 2505 781 2568 sit
789 2506 1038 2567 contrahature
1054 2502 1201 2587 gratiam
1215 2505 1313 2567 natu·

276 2637 290 2659 u
303 2607 544 2672 rantisnTunc
554 2607 702 2694 phisicus
716 2611 941 2696 impotionuns
952 2630 1040 2686 eum,
1056 2627 1175 2675 ranam
1186 2606 1250 2673 sibi
1262 2626 1313 2673 oo-

273 2714 1313 2793 cultededitadbibendum,eteam‚artifitiosuo,ineiusvontre

218 2825 254 2881 :²0
273 2840 423 2885 crescere
434 2818 525 2886 fecit.
538 2822 667 2887 Ettunc
676 2831 794 2888 venter
806 2823 971 2888 insensati
981 2823 1155 2898 intumuit,
1169 2821 1218 2887 ita
1231 2825 1313 2888 utso

272 2948 376 3015 puero
389 2927 565 3014 gravidum
580 2931 774 2997 estimaret.»
785 2929 932 2995 Tandem
953 2929 1056 2994 nimio
1072 2928 1188 2994 dolore
1207 2948 1313 2994 uexa-

272 3040 340 3114 tus,
358 3037 408 3102 uit
420 3036 550 3123 phisico
568 3056 576 3100 :
597 3066 611 3090 u
630 3037 789 3102 Accelera
801 3042 933 3123 tempus
946 3041 1077 3122 partus,
1101 3035 1180 3120 quia
1198 3034 1312 3100 dolore

276 3173 289 3197 u
317 3163 428 3228 pereo.
447 3172 461 3198 n
477 3144 569 3208 Tunc
591 3143 740 3229 phisicus
758 3144 865 3227 ipsum
879 3140 921 3207 ad
933 3143 1095 3208 uomitum
1111 3141 1314 3227 impociona·

274 3250 335 3313 uit.
355 3250 397 3317 Et
419 3271 538 3317 ranam
563 3253 638 3316 uisu
655 3251 854 3326 terribilem,
876 3251 1040 3336 sanguine
1057 3257 1092 3315 et
1116 3248 1313 3315 humoribus

274 3352 432 3420 infectam
447 3357 553 3424 edidit
567 3363 791 3424 cruentatam.
812 3360 904 3424 Tunc
920 3360 1023 3434 Nero,
1045 3357 1165 3431 uidens
1179 3375 1311 3434 ranam,

275 3460 462 3527 abhorruit.
489 3463 549 3529 Cui
578 3465 748 3550 phisicus:
770 3495 784 3521 u
798 3466 883 3541 Quia
898 3473 1032 3552 partum
1058 3467 1158 3531 nimis
1183 3465 1314 3531 accole·

277 3595 291 3619 u
312 3568 409 3644 rasti,
428 3566 501 3633 ideo
517 3590 633 3636 ranam
651 3573 842 3658 parturisti.
861 3603 875 3628 n
900 3575 941 3640 Et
959 3573 1021 3639 hec
1035 3574 1148 3640 omnia
1163 3573 1314 3659 phisicus

274 3675 414 3742 ridendo
429 3674 561 3744 dicebat
582 3679 754 3758 Romanis,
781 3682 836 3767 qui
857 3680 1018 3758 ridentes,
1043 3682 1180 3746 nimiam
1197 3679 1314 3746 stulti-

273 3784 356 3849 tiam
372 3783 586 3868 imperatoris
608 3785 829 3853 mirabantur.
860 3788 1043 3880 Exkquibus
1064 3785 1198 3873 quidam
1221 3786 1315 3854 dioc-

221 3895 255 3952 30
272 3889 393 3958 bonta«
404 3890 467 3965 Qui
476 3892 1233 3979 ueritatispredicatoresdestruxitueritatem
1242 3913 1315 3981 por·

275 4030 288 4055 a
306 3997 404 4074 didit,
420 3998 454 4062 in
466 4018 533 4084 qua
548 4019 667 4064 sensus
684 4001 778 4087 uiget
792 4025 799 4080 ;
824 4023 885 4069 nec
900 4003 1043 4091 amplius
1058 4003 1216 4068 ueritatis
1231 4020 1314 4068 auc·

275 4135 290 4162 ·
311 4111 419 4173 torem
440 4105 566 4193 poterit
588 4107 752 4174 inuenire.
778 4138 793 4165 υ
816 4109 1041 4200 Dicebantque
1061 4110 1166 4178 ceteri
1187 4132 1195 4176 :
1218 4109 1312 4177 Heu!
