<?xml version="1.0" encoding="UTF-8"?>
<!DOCTYPE html PUBLIC "-//W3C//DTD XHTML 1.0 Transitional//EN"
    "http://www.w3.org/TR/xhtml1/DTD/xhtml1-transitional.dtd">
<html xmlns="http://www.w3.org/1999/xhtml" xml:lang="en" lang="en">
 <head>
  <title>
</title>
<meta http-equiv="Content-Type" content="text/html;charset=utf-8" />
  <meta name='ocr-system' content='tesseract 3.04.00' />
  <meta name='ocr-capabilities' content='ocr_page ocr_carea ocr_par ocr_line ocrx_word'/>
</head>
<body>
  <div class='ocr_page' id='page_1' title='image "./chroniquedelabb00fragoog_0114.png"; bbox 0 0 2970 5430; ppageno 0'>
   <div class='ocr_carea' id='block_1_1' title="bbox 745 451 886 503">
    <p class='ocr_par' dir='ltr' id='par_1_1' title="bbox 745 451 886 503">
     <span class='ocr_line' id='line_1_1' title="bbox 745 451 886 503; baseline 0 -13"><span class='ocrx_word' id='word_1_1' title='bbox 745 451 886 503; x_wconf 69' lang='lat'>..30..</span> 
     </span>
    </p>
   </div>
   <div class='ocr_carea' id='block_1_2' title="bbox 280 572 1320 986">
    <p class='ocr_par' dir='ltr' id='par_1_2' title="bbox 280 572 1320 986">
     <span class='ocr_line' id='line_1_2' title="bbox 281 572 1320 665; baseline -0.002 -22"><span class='ocrx_word' id='word_1_2' title='bbox 281 609 295 635; x_wconf 70' lang='lat' dir='ltr'><strong><em>a</em></strong></span> <span class='ocrx_word' id='word_1_3' title='bbox 319 601 383 665; x_wconf 87' lang='lat' dir='ltr'>que</span> <span class='ocrx_word' id='word_1_4' title='bbox 397 579 509 646; x_wconf 87' lang='lat' dir='ltr'>colitis</span> <span class='ocrx_word' id='word_1_5' title='bbox 518 597 591 654; x_wconf 89' lang='lat' dir='ltr'>uos,</span> <span class='ocrx_word' id='word_1_6' title='bbox 607 576 813 642; x_wconf 84' lang='lat' dir='ltr'>annuntians</span> <span class='ocrx_word' id='word_1_7' title='bbox 826 580 860 640; x_wconf 87' lang='lat' dir='ltr'>et</span> <span class='ocrx_word' id='word_1_8' title='bbox 874 572 1047 640; x_wconf 84' lang='lat' dir='ltr'>affirmans</span> <span class='ocrx_word' id='word_1_9' title='bbox 1059 572 1320 649; x_wconf 77' lang='lat' dir='ltr'>Dominumlhe·</span> 
     </span>
     <span class='ocr_line' id='line_1_3' title="bbox 281 678 1319 771; baseline -0.002 -22"><span class='ocrx_word' id='word_1_10' title='bbox 281 716 295 740; x_wconf 63' lang='lat' dir='ltr'><strong><em>a</em></strong></span> <span class='ocrx_word' id='word_1_11' title='bbox 320 686 578 771; x_wconf 85' lang='lat' dir='ltr'>sum-Xpistum,</span> <span class='ocrx_word' id='word_1_12' title='bbox 606 689 722 748; x_wconf 85' lang='lat' dir='ltr'>natum</span> <span class='ocrx_word' id='word_1_13' title='bbox 749 701 791 746; x_wconf 86' lang='lat' dir='ltr'>ex</span> <span class='ocrx_word' id='word_1_14' title='bbox 813 681 924 745; x_wconf 84' lang='lat' dir='ltr'>Maria</span> <span class='ocrx_word' id='word_1_15' title='bbox 942 681 1088 768; x_wconf 86' lang='lat' dir='ltr'>uirgine,</span> <span class='ocrx_word' id='word_1_16' title='bbox 1112 700 1190 755; x_wconf 82' lang='lat' dir='ltr'>esse</span> <span class='ocrx_word' id='word_1_17' title='bbox 1211 678 1319 748; x_wconf 77' lang='lat' dir='ltr'>filium</span> 
     </span>
     <span class='ocr_line' id='line_1_4' title="bbox 280 785 1320 877; baseline -0.005 -20"><span class='ocrx_word' id='word_1_18' title='bbox 280 822 294 845; x_wconf 65' lang='lat' dir='ltr'>a</span> <span class='ocrx_word' id='word_1_19' title='bbox 315 793 372 857; x_wconf 88' lang='lat' dir='ltr'>Dei</span> <span class='ocrx_word' id='word_1_20' title='bbox 387 793 469 869; x_wconf 88' lang='lat' dir='ltr'>uiui,</span> <span class='ocrx_word' id='word_1_21' title='bbox 486 797 687 877; x_wconf 82' lang='lat' dir='ltr'>cooperante</span> <span class='ocrx_word' id='word_1_22' title='bbox 702 788 830 874; x_wconf 82' lang='lat' dir='ltr'>Spiritu</span> <span class='ocrx_word' id='word_1_23' title='bbox 846 792 976 864; x_wconf 86' lang='lat' dir='ltr'>sancto,</span> <span class='ocrx_word' id='word_1_24' title='bbox 995 806 1071 853; x_wconf 92' lang='lat' dir='ltr'>cum</span> <span class='ocrx_word' id='word_1_25' title='bbox 1085 785 1204 854; x_wconf 85' lang='lat' dir='ltr'>eodem</span> <span class='ocrx_word' id='word_1_26' title='bbox 1215 786 1320 862; x_wconf 73' lang='lat' dir='ltr'>Patre</span> 
     </span>
     <span class='ocr_line' id='line_1_5' title="bbox 281 892 1317 986; baseline -0.005 -22"><span class='ocrx_word' id='word_1_27' title='bbox 281 931 294 953; x_wconf 69' lang='lat' dir='ltr'>u</span> <span class='ocrx_word' id='word_1_28' title='bbox 314 907 348 966; x_wconf 94' lang='lat' dir='ltr'>et</span> <span class='ocrx_word' id='word_1_29' title='bbox 359 900 487 986; x_wconf 81' lang='lat' dir='ltr'>Spiritu</span> <span class='ocrx_word' id='word_1_30' title='bbox 509 906 626 965; x_wconf 83' lang='lat' dir='ltr'>sancto</span> <span class='ocrx_word' id='word_1_31' title='bbox 648 901 846 983; x_wconf 83' lang='lat' dir='ltr'>regnantem</span> <span class='ocrx_word' id='word_1_32' title='bbox 860 914 920 980; x_wconf 90' lang='lat' dir='ltr'>per</span> <span class='ocrx_word' id='word_1_33' title='bbox 941 894 1055 960; x_wconf 83' lang='lat' dir='ltr'>secula</span> <span class='ocrx_word' id='word_1_34' title='bbox 1077 892 1282 985; x_wconf 49' lang='lat' dir='ltr'>seculorum«</span> <span class='ocrx_word' id='word_1_35' title='bbox 1300 921 1317 948; x_wconf 73' lang='grc' dir='ltr'>ι</span> 
     </span>
    </p>
   </div>
   <div class='ocr_carea' id='block_1_3' title="bbox 219 1542 1375 3863">
    <p class='ocr_par' dir='ltr' id='par_1_3' title="bbox 276 1542 1332 2057">
     <span class='ocr_line' id='line_1_6' title="bbox 320 1542 1320 1625; baseline -0.004 -13"><span class='ocrx_word' id='word_1_36' title='bbox 320 1547 445 1621; x_wconf 86' lang='lat' dir='ltr'><strong>Quibus</strong></span> <span class='ocrx_word' id='word_1_37' title='bbox 466 1548 604 1625; x_wconf 83' lang='lat' dir='ltr'>auditis,</span> <span class='ocrx_word' id='word_1_38' title='bbox 620 1549 762 1613; x_wconf 86' lang='lat' dir='ltr'>Severus</span> <span class='ocrx_word' id='word_1_39' title='bbox 778 1546 845 1611; x_wconf 83' lang='lat' dir='ltr'>dux</span> <span class='ocrx_word' id='word_1_40' title='bbox 872 1546 971 1611; x_wconf 88' lang='lat' dir='ltr'>iussit</span> <span class='ocrx_word' id='word_1_41' title='bbox 987 1549 1141 1611; x_wconf 87' lang='lat' dir='ltr'>sanctum</span> <span class='ocrx_word' id='word_1_42' title='bbox 1160 1542 1320 1611; x_wconf 82' lang='lat' dir='ltr'>Seuinia-</span> 
     </span>
     <span class='ocr_line' id='line_1_7' title="bbox 277 1649 1320 1731; baseline -0.005 -12"><span class='ocrx_word' id='word_1_43' title='bbox 277 1675 355 1719; x_wconf 92' lang='lat' dir='ltr'>num</span> <span class='ocrx_word' id='word_1_44' title='bbox 371 1676 444 1720; x_wconf 90' lang='lat' dir='ltr'>cum</span> <span class='ocrx_word' id='word_1_45' title='bbox 461 1656 636 1721; x_wconf 82' lang='lat' dir='ltr'>Victorino</span> <span class='ocrx_word' id='word_1_46' title='bbox 652 1653 736 1731; x_wconf 89' lang='lat' dir='ltr'>cedi,</span> <span class='ocrx_word' id='word_1_47' title='bbox 758 1660 793 1718; x_wconf 89' lang='lat' dir='ltr'>et</span> <span class='ocrx_word' id='word_1_48' title='bbox 809 1672 903 1718; x_wconf 88' lang='lat' dir='ltr'>cesos</span> <span class='ocrx_word' id='word_1_49' title='bbox 927 1653 960 1716; x_wconf 93' lang='lat' dir='ltr'>in</span> <span class='ocrx_word' id='word_1_50' title='bbox 976 1671 1146 1718; x_wconf 85' lang='lat' dir='ltr'>carcerem</span> <span class='ocrx_word' id='word_1_51' title='bbox 1161 1649 1320 1719; x_wconf 73' lang='lat' dir='ltr'>cathenis</span> 
     </span>
     <span class='ocr_line' id='line_1_8' title="bbox 277 1757 1319 1848; baseline -0.002 -24"><span class='ocrx_word' id='word_1_52' title='bbox 277 1759 396 1826; x_wconf 85' lang='lat' dir='ltr'>ferreis</span> <span class='ocrx_word' id='word_1_53' title='bbox 424 1762 575 1848; x_wconf 85' lang='lat' dir='ltr'>religari.</span> <span class='ocrx_word' id='word_1_54' title='bbox 595 1764 634 1827; x_wconf 93' lang='lat' dir='ltr'>In</span> <span class='ocrx_word' id='word_1_55' title='bbox 658 1782 722 1847; x_wconf 92' lang='lat' dir='ltr'>quo</span> <span class='ocrx_word' id='word_1_56' title='bbox 744 1780 891 1841; x_wconf 84' lang='lat' dir='ltr'>carcere,</span> <span class='ocrx_word' id='word_1_57' title='bbox 910 1760 1067 1846; x_wconf 87' lang='lat' dir='ltr'>apparuit</span> <span class='ocrx_word' id='word_1_58' title='bbox 1086 1759 1136 1824; x_wconf 92' lang='lat' dir='ltr'>eis</span> <span class='ocrx_word' id='word_1_59' title='bbox 1156 1757 1319 1824; x_wconf 84' lang='lat' dir='ltr'>Dominus</span> 
     </span>
     <span class='ocr_line' id='line_1_9' title="bbox 277 1861 1332 1954; baseline -0.001 -23"><span class='ocrx_word' id='word_1_60' title='bbox 277 1866 570 1954; x_wconf 87' lang='lat' dir='ltr'>Ihesus·Xpistus,</span> <span class='ocrx_word' id='word_1_61' title='bbox 589 1869 673 1934; x_wconf 85' lang='lat' dir='ltr'>dans</span> <span class='ocrx_word' id='word_1_62' title='bbox 689 1871 737 1933; x_wconf 87' lang='lat' dir='ltr'>eis</span> <span class='ocrx_word' id='word_1_63' title='bbox 762 1869 920 1933; x_wconf 84' lang='lat' dir='ltr'>viaticum</span> <span class='ocrx_word' id='word_1_64' title='bbox 942 1865 1136 1931; x_wconf 82' lang='lat' dir='ltr'>salutis.·Et</span> <span class='ocrx_word' id='word_1_65' title='bbox 1155 1869 1239 1930; x_wconf 84' lang='lat' dir='ltr'>tunc</span> <span class='ocrx_word' id='word_1_66' title='bbox 1260 1861 1332 1930; x_wconf 77' lang='lat' dir='ltr'>ille-</span> 
     </span>
     <span class='ocr_line' id='line_1_10' title="bbox 276 1969 1319 2057; baseline 0.002 -23"><span class='ocrx_word' id='word_1_67' title='bbox 276 1973 482 2052; x_wconf 84' lang='lat' dir='ltr'>visitati0ne‚</span> <span class='ocrx_word' id='word_1_68' title='bbox 500 1974 541 2056; x_wconf 88' lang='lat' dir='ltr'>ab</span> <span class='ocrx_word' id='word_1_69' title='bbox 556 1977 645 2040; x_wconf 89' lang='lat' dir='ltr'>omni</span> <span class='ocrx_word' id='word_1_70' title='bbox 670 1975 784 2040; x_wconf 85' lang='lat' dir='ltr'>dolore</span> <span class='ocrx_word' id='word_1_71' title='bbox 800 1974 1008 2048; x_wconf 87' lang='lat' dir='ltr'>releuantur‚</span> <span class='ocrx_word' id='word_1_72' title='bbox 1028 1969 1319 2057; x_wconf 78' lang='lat' dir='ltr'>gratias-Domino</span> 
     </span>
    </p>

    <p class='ocr_par' dir='ltr' id='par_1_4' title="bbox 227 2075 1320 3129">
     <span class='ocr_line' id='line_1_11' title="bbox 227 2075 1320 2156; baseline -0.005 -9"><span class='ocrx_word' id='word_1_73' title='bbox 227 2091 257 2147; x_wconf 85' lang='lat'>10</span> <span class='ocrx_word' id='word_1_74' title='bbox 276 2077 472 2146; x_wconf 87' lang='lat' dir='ltr'>referentes.</span> <span class='ocrx_word' id='word_1_75' title='bbox 488 2083 571 2148; x_wconf 92' lang='lat' dir='ltr'>Post</span> <span class='ocrx_word' id='word_1_76' title='bbox 583 2082 644 2147; x_wconf 88' lang='lat' dir='ltr'>hec</span> <span class='ocrx_word' id='word_1_77' title='bbox 657 2103 676 2145; x_wconf 88' lang='lat' dir='ltr'>a</span> <span class='ocrx_word' id='word_1_78' title='bbox 693 2081 835 2145; x_wconf 89' lang='lat' dir='ltr'>vinculis</span> <span class='ocrx_word' id='word_1_79' title='bbox 848 2081 1025 2156; x_wconf 85' lang='lat' dir='ltr'>eitiuntur,</span> <span class='ocrx_word' id='word_1_80' title='bbox 1038 2083 1073 2144; x_wconf 79' lang='lat' dir='ltr'>et</span> <span class='ocrx_word' id='word_1_81' title='bbox 1086 2076 1128 2142; x_wconf 81' lang='lat' dir='ltr'>ad</span> <span class='ocrx_word' id='word_1_82' title='bbox 1141 2077 1253 2143; x_wconf 88' lang='lat' dir='ltr'>locum</span> <span class='ocrx_word' id='word_1_83' title='bbox 1265 2075 1320 2144; x_wconf 87' lang='lat' dir='ltr'>de·</span> 
     </span>
     <span class='ocr_line' id='line_1_12' title="bbox 275 2183 1316 2268; baseline 0.001 -18"><span class='ocrx_word' id='word_1_84' title='bbox 275 2186 478 2264; x_wconf 74' lang='lat' dir='ltr'>collationis,</span> <span class='ocrx_word' id='word_1_85' title='bbox 501 2189 594 2252; x_wconf 86' lang='lat' dir='ltr'>iussu</span> <span class='ocrx_word' id='word_1_86' title='bbox 614 2188 741 2262; x_wconf 86' lang='lat' dir='ltr'>Seueri,</span> <span class='ocrx_word' id='word_1_87' title='bbox 758 2185 939 2250; x_wconf 90' lang='lat' dir='ltr'>ducuntur.</span> <span class='ocrx_word' id='word_1_88' title='bbox 959 2186 1001 2250; x_wconf 88' lang='lat' dir='ltr'>Et</span> <span class='ocrx_word' id='word_1_89' title='bbox 1019 2183 1098 2249; x_wconf 91' lang='lat' dir='ltr'>dum</span> <span class='ocrx_word' id='word_1_90' title='bbox 1117 2183 1316 2268; x_wconf 60' lang='lat' dir='ltr'>permotum,</span> 
     </span>
     <span class='ocr_line' id='line_1_13' title="bbox 276 2291 1319 2378; baseline -0.001 -23"><span class='ocrx_word' id='word_1_91' title='bbox 276 2293 331 2375; x_wconf 89' lang='lat' dir='ltr'>qui</span> <span class='ocrx_word' id='word_1_92' title='bbox 344 2293 451 2357; x_wconf 89' lang='lat' dir='ltr'>Vinus</span> <span class='ocrx_word' id='word_1_93' title='bbox 463 2293 600 2370; x_wconf 88' lang='lat' dir='ltr'>dicitur,</span> <span class='ocrx_word' id='word_1_94' title='bbox 616 2296 716 2368; x_wconf 84' lang='lat' dir='ltr'>irent,</span> <span class='ocrx_word' id='word_1_95' title='bbox 735 2295 931 2378; x_wconf 88' lang='lat' dir='ltr'>impetrauit</span> <span class='ocrx_word' id='word_1_96' title='bbox 945 2294 1063 2358; x_wconf 85' lang='lat' dir='ltr'>beatus</span> <span class='ocrx_word' id='word_1_97' title='bbox 1075 2291 1283 2358; x_wconf 78' lang='lat' dir='ltr'>Sauinianus</span> <span class='ocrx_word' id='word_1_98' title='bbox 1297 2309 1319 2354; x_wconf 80' lang='lat' dir='ltr'>u</span> 
     </span>
     <span class='ocr_line' id='line_1_14' title="bbox 276 2396 1317 2487; baseline 0.001 -27"><span class='ocrx_word' id='word_1_99' title='bbox 276 2398 501 2476; x_wconf 83' lang='lat' dir='ltr'>carnificibus,</span> <span class='ocrx_word' id='word_1_100' title='bbox 518 2421 639 2485; x_wconf 85' lang='lat' dir='ltr'>magna</span> <span class='ocrx_word' id='word_1_101' title='bbox 655 2422 728 2465; x_wconf 86' lang='lat' dir='ltr'>curn</span> <span class='ocrx_word' id='word_1_102' title='bbox 746 2422 855 2487; x_wconf 87' lang='lat' dir='ltr'>prece,</span> <span class='ocrx_word' id='word_1_103' title='bbox 872 2402 1018 2487; x_wconf 85' lang='lat' dir='ltr'>spatium</span> <span class='ocrx_word' id='word_1_104' title='bbox 1033 2397 1153 2465; x_wconf 84' lang='lat' dir='ltr'>orandi</span> <span class='ocrx_word' id='word_1_105' title='bbox 1167 2399 1203 2463; x_wconf 89' lang='lat' dir='ltr'>in</span> <span class='ocrx_word' id='word_1_106' title='bbox 1216 2396 1317 2464; x_wconf 83' lang='lat' dir='ltr'>eccle·</span> 
     </span>
     <span class='ocr_line' id='line_1_15' title="bbox 276 2503 1318 2590; baseline 0.001 -22"><span class='ocrx_word' id='word_1_107' title='bbox 276 2506 327 2568; x_wconf 84' lang='lat' dir='ltr'>sia</span> <span class='ocrx_word' id='word_1_108' title='bbox 356 2527 454 2590; x_wconf 86' lang='lat' dir='ltr'>quam</span> <span class='ocrx_word' id='word_1_109' title='bbox 475 2508 509 2571; x_wconf 89' lang='lat' dir='ltr'>in</span> <span class='ocrx_word' id='word_1_110' title='bbox 529 2509 655 2573; x_wconf 89' lang='lat' dir='ltr'>honore</span> <span class='ocrx_word' id='word_1_111' title='bbox 675 2509 863 2575; x_wconf 84' lang='lat' dir='ltr'>Saluatoris</span> <span class='ocrx_word' id='word_1_112' title='bbox 892 2511 1163 2575; x_wconf 79' lang='lat' dir='ltr'>consecreucrat.</span> <span class='ocrx_word' id='word_1_113' title='bbox 1189 2503 1318 2580; x_wconf 85' lang='lat' dir='ltr'>Quibus</span> 
     </span>
     <span class='ocr_line' id='line_1_16' title="bbox 275 2614 1316 2701; baseline 0.001 -25"><span class='ocrx_word' id='word_1_114' title='bbox 275 2614 560 2697; x_wconf 89' lang='lat' dir='ltr'>permittentibus,</span> <span class='ocrx_word' id='word_1_115' title='bbox 580 2618 667 2701; x_wconf 91' lang='lat' dir='ltr'>cepit</span> <span class='ocrx_word' id='word_1_116' title='bbox 687 2619 823 2681; x_wconf 86' lang='lat' dir='ltr'>missam</span> <span class='ocrx_word' id='word_1_117' title='bbox 844 2615 1083 2682; x_wconf 68' lang='lat' dir='ltr'>celebrarent</span> <span class='ocrx_word' id='word_1_118' title='bbox 1101 2620 1184 2680; x_wconf 85' lang='lat' dir='ltr'>tuuc</span> <span class='ocrx_word' id='word_1_119' title='bbox 1203 2630 1316 2678; x_wconf 82' lang='lat' dir='ltr'>coram</span> 
     </span>
     <span class='ocr_line' id='line_1_17' title="bbox 274 2719 1316 2807; baseline 0.001 -25"><span class='ocrx_word' id='word_1_120' title='bbox 274 2719 427 2784; x_wconf 87' lang='lat' dir='ltr'>fidelibus</span> <span class='ocrx_word' id='word_1_121' title='bbox 441 2720 574 2787; x_wconf 86' lang='lat' dir='ltr'>beatum</span> <span class='ocrx_word' id='word_1_122' title='bbox 587 2723 837 2800; x_wconf 86' lang='lat' dir='ltr'>Potentianum,</span> <span class='ocrx_word' id='word_1_123' title='bbox 856 2723 928 2788; x_wconf 93' lang='lat' dir='ltr'>loco</span> <span class='ocrx_word' id='word_1_124' title='bbox 945 2723 1009 2799; x_wconf 90' lang='lat' dir='ltr'>sui,</span> <span class='ocrx_word' id='word_1_125' title='bbox 1028 2719 1316 2807; x_wconf 83' lang='lat' dir='ltr'>archiepiscopum</span> 
     </span>
     <span class='ocr_line' id='line_1_18' title="bbox 275 2823 1319 2914; baseline 0.003 -27"><span class='ocrx_word' id='word_1_126' title='bbox 275 2826 437 2902; x_wconf 89' lang='lat' dir='ltr'>instituit,</span> <span class='ocrx_word' id='word_1_127' title='bbox 452 2835 485 2894; x_wconf 88' lang='lat' dir='ltr'>ct</span> <span class='ocrx_word' id='word_1_128' title='bbox 500 2831 723 2906; x_wconf 85' lang='lat' dir='ltr'>consecrauit,</span> <span class='ocrx_word' id='word_1_129' title='bbox 741 2840 775 2896; x_wconf 91' lang='lat' dir='ltr'>et</span> <span class='ocrx_word' id='word_1_130' title='bbox 788 2851 861 2895; x_wconf 92' lang='lat' dir='ltr'>eum</span> <span class='ocrx_word' id='word_1_131' title='bbox 879 2829 986 2893; x_wconf 85' lang='lat' dir='ltr'>infula</span> <span class='ocrx_word' id='word_1_132' title='bbox 1003 2825 1188 2914; x_wconf 80' lang='lat' dir='ltr'>pontificali</span> <span class='ocrx_word' id='word_1_133' title='bbox 1206 2823 1319 2891; x_wconf 86' lang='lat' dir='ltr'>induit</span> 
     </span>
     <span class='ocr_line' id='line_1_19' title="bbox 275 2932 1315 3023; baseline -0.001 -26"><span class='ocrx_word' id='word_1_134' title='bbox 275 2932 485 2999; x_wconf 82' lang='lat' dir='ltr'>benedicens.</span> <span class='ocrx_word' id='word_1_135' title='bbox 508 2935 671 3002; x_wconf 89' lang='lat' dir='ltr'>Videntes</span> <span class='ocrx_word' id='word_1_136' title='bbox 689 2938 809 3023; x_wconf 85' lang='lat' dir='ltr'>pagani</span> <span class='ocrx_word' id='word_1_137' title='bbox 841 2935 927 3022; x_wconf 93' lang='lat' dir='ltr'>quod</span> <span class='ocrx_word' id='word_1_138' title='bbox 954 2935 1082 3000; x_wconf 88' lang='lat' dir='ltr'>diutius</span> <span class='ocrx_word' id='word_1_139' title='bbox 1108 2937 1315 3012; x_wconf 83' lang='lat' dir='ltr'>moraretur,</span> 
     </span>
     <span class='ocr_line' id='line_1_20' title="bbox 274 3041 1316 3129; baseline 0 -24"><span class='ocrx_word' id='word_1_140' title='bbox 274 3061 348 3105; x_wconf 93' lang='lat' dir='ltr'>cum</span> <span class='ocrx_word' id='word_1_141' title='bbox 377 3041 499 3128; x_wconf 88' lang='lat' dir='ltr'>grandi</span> <span class='ocrx_word' id='word_1_142' title='bbox 522 3043 720 3109; x_wconf 86' lang='lat' dir='ltr'>accedentes</span> <span class='ocrx_word' id='word_1_143' title='bbox 747 3044 903 3129; x_wconf 87' lang='lat' dir='ltr'>strepitu,</span> <span class='ocrx_word' id='word_1_144' title='bbox 937 3043 1070 3108; x_wconf 85' lang='lat' dir='ltr'>beatum</span> <span class='ocrx_word' id='word_1_145' title='bbox 1095 3041 1316 3107; x_wconf 81' lang='lat' dir='ltr'>Sauinianum</span> 
     </span>
    </p>

    <p class='ocr_par' dir='ltr' id='par_1_5' title="bbox 219 3149 1375 3863">
     <span class='ocr_line' id='line_1_21' title="bbox 219 3149 1318 3234; baseline -0.003 -18"><span class='ocrx_word' id='word_1_146' title='bbox 219 3162 254 3218; x_wconf 72' lang='lat'>20</span> <span class='ocrx_word' id='word_1_147' title='bbox 274 3168 352 3213; x_wconf 87' lang='lat' dir='ltr'>ense</span> <span class='ocrx_word' id='word_1_148' title='bbox 369 3154 404 3214; x_wconf 86' lang='lat' dir='ltr'>et</span> <span class='ocrx_word' id='word_1_149' title='bbox 423 3149 531 3214; x_wconf 88' lang='lat' dir='ltr'>securi</span> <span class='ocrx_word' id='word_1_150' title='bbox 552 3150 586 3212; x_wconf 93' lang='lat' dir='ltr'>in</span> <span class='ocrx_word' id='word_1_151' title='bbox 607 3152 767 3216; x_wconf 90' lang='lat' dir='ltr'>uerticem</span> <span class='ocrx_word' id='word_1_152' title='bbox 788 3154 1038 3234; x_wconf 86' lang='lat' dir='ltr'>percusserunt.</span> <span class='ocrx_word' id='word_1_153' title='bbox 1059 3150 1220 3215; x_wconf 81' lang='lat' dir='ltr'>Sanctum</span> <span class='ocrx_word' id='word_1_154' title='bbox 1234 3168 1318 3214; x_wconf 87' lang='lat' dir='ltr'>uero</span> 
     </span>
     <span class='ocr_line' id='line_1_22' title="bbox 274 3255 1317 3344; baseline 0.006 -28"><span class='ocrx_word' id='word_1_155' title='bbox 274 3255 498 3332; x_wconf 87' lang='lat' dir='ltr'>Victorinum,</span> <span class='ocrx_word' id='word_1_156' title='bbox 526 3256 691 3343; x_wconf 84' lang='lat' dir='ltr'>hospitem</span> <span class='ocrx_word' id='word_1_157' title='bbox 718 3264 925 3334; x_wconf 85' lang='lat' dir='ltr'>sanctorum,</span> <span class='ocrx_word' id='word_1_158' title='bbox 951 3278 1025 3335; x_wconf 80' lang='lat' dir='ltr'>cum</span> <span class='ocrx_word' id='word_1_159' title='bbox 1048 3255 1191 3342; x_wconf 86' lang='lat' dir='ltr'>quodam</span> <span class='ocrx_word' id='word_1_160' title='bbox 1210 3275 1317 3344; x_wconf 78' lang='lat' dir='ltr'>paruo</span> 
     </span>
     <span class='ocr_line' id='line_1_23' title="bbox 272 3360 1319 3456; baseline 0.005 -33"><span class='ocrx_word' id='word_1_161' title='bbox 272 3360 352 3437; x_wconf 82' lang='lat' dir='ltr'>filio,</span> <span class='ocrx_word' id='word_1_162' title='bbox 371 3362 634 3431; x_wconf 83' lang='lat' dir='ltr'>decollaucrunt.</span> <span class='ocrx_word' id='word_1_163' title='bbox 655 3366 801 3438; x_wconf 79' lang='lat' dir='ltr'>Quorum</span> <span class='ocrx_word' id='word_1_164' title='bbox 816 3365 1045 3456; x_wconf 85' lang='lat' dir='ltr'>relinquentes</span> <span class='ocrx_word' id='word_1_165' title='bbox 1063 3382 1206 3448; x_wconf 82' lang='lat' dir='ltr'>corpora</span> <span class='ocrx_word' id='word_1_166' title='bbox 1222 3362 1319 3428; x_wconf 83' lang='lat' dir='ltr'>abie-</span> 
     </span>
     <span class='ocr_line' id='line_1_24' title="bbox 273 3468 1316 3548; baseline 0.004 -18"><span class='ocrx_word' id='word_1_167' title='bbox 273 3475 364 3533; x_wconf 88' lang='lat' dir='ltr'>runt.</span> <span class='ocrx_word' id='word_1_168' title='bbox 384 3471 507 3536; x_wconf 86' lang='lat' dir='ltr'>Beatus</span> <span class='ocrx_word' id='word_1_169' title='bbox 528 3493 607 3538; x_wconf 89' lang='lat' dir='ltr'>uero</span> <span class='ocrx_word' id='word_1_170' title='bbox 628 3473 865 3548; x_wconf 85' lang='lat' dir='ltr'>Potentianus‚</span> <span class='ocrx_word' id='word_1_171' title='bbox 893 3493 966 3536; x_wconf 90' lang='lat' dir='ltr'>cum</span> <span class='ocrx_word' id='word_1_172' title='bbox 990 3471 1066 3535; x_wconf 86' lang='lat' dir='ltr'>aliis</span> <span class='ocrx_word' id='word_1_173' title='bbox 1091 3468 1261 3548; x_wconf 87' lang='lat' dir='ltr'>fidelibus,</span> <span class='ocrx_word' id='word_1_174' title='bbox 1281 3471 1316 3534; x_wconf 89' lang='lat' dir='ltr'>in</span> 
     </span>
     <span class='ocr_line' id='line_1_25' title="bbox 272 3574 1319 3665; baseline 0.004 -28"><span class='ocrx_word' id='word_1_175' title='bbox 272 3574 387 3638; x_wconf 87' lang='lat' dir='ltr'>eadem</span> <span class='ocrx_word' id='word_1_176' title='bbox 404 3578 545 3643; x_wconf 84' lang='lat' dir='ltr'>ecclesia</span> <span class='ocrx_word' id='word_1_177' title='bbox 565 3586 683 3645; x_wconf 83' lang='lat' dir='ltr'>sancta</span> <span class='ocrx_word' id='word_1_178' title='bbox 709 3599 851 3664; x_wconf 82' lang='lat' dir='ltr'>corpora</span> <span class='ocrx_word' id='word_1_179' title='bbox 877 3579 1045 3664; x_wconf 88' lang='lat' dir='ltr'>sepeliuit,</span> <span class='ocrx_word' id='word_1_180' title='bbox 1076 3576 1184 3665; x_wconf 88' lang='lat' dir='ltr'>pridie</span> <span class='ocrx_word' id='word_1_181' title='bbox 1200 3576 1319 3642; x_wconf 81' lang='lat' dir='ltr'>kalen·</span> 
     </span>
     <span class='ocr_line' id='line_1_26' title="bbox 271 3679 1375 3761; baseline 0.002 -17"><span class='ocrx_word' id='word_1_182' title='bbox 271 3679 389 3746; x_wconf 84' lang='lat' dir='ltr'>darum</span> <span class='ocrx_word' id='word_1_183' title='bbox 401 3684 559 3761; x_wconf 83' lang='lat' dir='ltr'>ianuarii,</span> <span class='ocrx_word' id='word_1_184' title='bbox 572 3685 624 3750; x_wconf 90' lang='lat' dir='ltr'>vbi</span> <span class='ocrx_word' id='word_1_185' title='bbox 639 3687 746 3751; x_wconf 83' lang='lat' dir='ltr'>multa</span> <span class='ocrx_word' id='word_1_186' title='bbox 760 3686 922 3752; x_wconf 86' lang='lat' dir='ltr'>miracula</span> <span class='ocrx_word' id='word_1_187' title='bbox 933 3686 974 3750; x_wconf 92' lang='lat' dir='ltr'>ob</span> <span class='ocrx_word' id='word_1_188' title='bbox 986 3686 1107 3751; x_wconf 87' lang='lat' dir='ltr'>merita</span> <span class='ocrx_word' id='word_1_189' title='bbox 1121 3691 1315 3751; x_wconf 84' lang='lat' dir='ltr'>sanctorum</span> <span class='ocrx_word' id='word_1_190' title='bbox 1372 3740 1375 3746; x_wconf 80' lang='grc'>,</span> 
     </span>
     <span class='ocr_line' id='line_1_27' title="bbox 273 3780 855 3863; baseline 0.017 -16"><span class='ocrx_word' id='word_1_191' title='bbox 273 3780 465 3863; x_wconf 85' lang='lat' dir='ltr'>factasunt,</span> <span class='ocrx_word' id='word_1_192' title='bbox 480 3789 620 3855; x_wconf 89' lang='lat' dir='ltr'>Domino</span> <span class='ocrx_word' id='word_1_193' title='bbox 640 3794 855 3860; x_wconf 88' lang='lat' dir='ltr'>concedente.</span> 
     </span>
    </p>
   </div>
   <div class='ocr_carea' id='block_1_4' title="bbox 0 0 1490 5430">
    <p class='ocr_par' dir='ltr' id='par_1_6' title="bbox 0 0 1490 5430">
     <span class='ocr_line' id='line_1_28' title="bbox 0 0 1490 5430; baseline 0 0"><span class='ocrx_word' id='word_1_194' title='bbox 0 0 1490 5430; x_wconf 95' lang='lat' dir='ltr'> </span> 
     </span>
    </p>
   </div>
  </div>
 </body>
</html>
