2918 5046
700 398 856 467 -coo-

254 547 391 595 manere
420 528 457 593 in
493 527 643 594 claustro
667 527 921 604 monachorum,
949 528 984 593 in
1016 546 1084 615 quo
1103 526 1291 599 multorum

253 633 400 701 fidelium
412 633 852 721 corporarequiescunt.1lt
875 632 924 699 illi
947 634 1003 721 qni
1019 634 1090 701 illic
1110 630 1294 701 mittebun·

254 748 311 808 tur
323 762 413 821 sero,
430 761 528 809 mane
542 741 804 809 inueniebantnr
824 742 962 809 mortui.
976 740 1071 817 Quod
1094 740 1293 813 miraculum

254 849 307 915 sni
321 847 496 928 uidebant,
506 855 541 916 et
555 850 660 915 Deum
681 847 872 927 laudantes,
884 850 916 915 ei
929 847 1088 916 dicebant
1105 845 1194 937 quod
1208 844 1294 929 mule

256 958 434 1038 fatiebant,
449 960 557 1027 locum
570 960 810 1027 monachorum
826 959 1017 1039 retinendo,
1032 964 1067 1028 et
1082 959 1156 1027 loco
1176 958 1294 1039 cuncto

255 1066 342 1133 mele
366 1066 534 1147 uiuendo;
558 1067 616 1134 sed
631 1067 695 1134 hoc
709 1087 771 1156 pro
791 1067 917 1135 nichilo
942 1072 1118 1156 reputans,
1149 1064 1295 1133 unccbct

255 1175 347 1239 curis
360 1174 475 1240 seculi.
489 1174 639 1251 Quadam
648 1174 715 1253 die,
729 1175 829 1242 duxit
838 1174 933 1241 illum
950 1174 1086 1261 quidem
1099 1174 1293 1251 monicus,

255 1278 429 1347 Cadecher
451 1282 598 1360 nomine,
615 1280 788 1349 studiosus
815 1283 849 1347 in
875 1280 1101 1370 philosophia.
1116 1280 1159 1349 nd
1183 1276 1296 1369 sepul·

255 1384 373 1451 chrum
402 1394 518 1454 sancte
553 1387 761 1465 Thecbildis,
788 1409 851 1474 que
874 1388 1048 1456 cenobium
1078 1386 1293 1467 fundauerat,

203 1507 237 1563 10
256 1494 371 1561 dicens
387 1496 459 1562 illi:
480 1526 495 1551 κ
516 1497 606 1583 Lege
621 1495 808 1584 epitahium
828 1497 904 1575 hoc,
929 1497 1016 1583 quod
1031 1496 1139 1564 edidit
1158 1498 1296 1563 motu·

258 1601 480 1669 Fortunatus.
498 1630 513 1659 n
531 1602 628 1689 Cepit
653 1608 767 1669 entem
787 1601 1067 1673 Archnmbeudus
1090 1602 1207 1693 legere
1221 1600 1293 1669 sic:

293 2266 365 2307 uurtc
390 2266 491 2305 mint
512 2264 602 2307 well!
624 2263 761 2305 Mosncms
782 2262 953 2303 CONS'llllle'l'
976 2264 1012 2303 nn
1032 2260 1080 2302 1³10
1099 2260 1264 2303 mmmm!

585 2354 673 2395 nebus
698 2351 879 2395 llOlllLll'hlb'llt)
900 2354 969 2393 suls.

302 2570 385 2637 Cum
409 2570 622 2659 perlegisset,
648 2571 735 2639 dixit
761 2572 810 2639 illi
825 2570 1020 2651 Cadacher;
1049 2570 1241 2659 -Perspice
1263 2574 1298 2637 ct

258 2676 410 2765 intellige
434 2698 533 2763 quarn
549 2698 616 2743 non
641 2678 683 2743 nd
702 2699 782 2743 usus
802 2698 936 2755 canum,
955 2676 1014 2745 sed
1029 2696 1208 2747 seruorum
1224 2676 1295 2753 uei,

258 2783 323 2851 hoc
342 2784 517 2851 cenobium
541 2790 773 2853 constructum
789 2792 854 2854 est.
881 2815 896 2841 n

303 3000 366 3068 Illo
407 3004 570 3085 tempore,
607 2998 693 3065 obiit
726 2997 955 3076 Rainnardus,
972 2997 1187 3065 consiliarius
1207 2996 1299 3089 regin

258 3108 426 3187 bethurii,
455 3108 550 3173 cuius
573 3107 701 3173 auxilio
725 3113 760 3173 et
782 3115 861 3173 actu
883 3105 994 3173 dictus
1018 3104 1299 3173 Archnmbcuduc

259 3215 371 3284 suerat
394 3222 582 3304 promotus.

204 3330 240 3387 20
303 3323 426 3390 Eodem
445 3332 608 3411 ternpore,
637 3343 752 3389 mense
775 3323 870 3399 iulio,
898 3322 1034 3387 incense
1055 3324 1134 3387 sunt
1159 3317 1299 3389 basilice

259 3428 563 3515 Sancti-Stephani,
594 3428 894 3495 Sancti-Iohannis
927 3434 963 3493 et
990 3424 1238 3493 Sancte-Murio
1263 3426 1299 3493 in

259 3536 378 3600 maiori
395 3536 559 3613 ecclesia;
582 3555 647 3621 quo
668 3536 746 3623 igne
771 3535 874 3621 periit
895 3533 1081 3601 claustrum
1102 3530 1300 3621 religiosum

259 3663 333 3708 cum
365 3643 512 3730 capitulo
542 3650 577 3711 et
600 3643 828 3730 pulcherrimo
855 3640 994 3708 librario
1024 3646 1157 3707 etcum
1186 3660 1301 3729 quum·

258 3749 413 3836 plurimis
443 3750 593 3836 reliquiis
620 3756 655 3816 et
678 3750 861 3817 thesauris.
897 3746 1178 3815 Archcmbcndus
1211 3748 1301 3837 cepit

260 3862 455 3923 restaurare
475 3876 536 3943 pro
552 3856 680 3922 uiribus
695 3857 884 3937 ecclesiam,
902 3856 1075 3945 perfitiens
1089 3854 1301 3929 summonte

259 3962 494 4051 presbiterium
512 3982 586 4029 curn
599 3965 718 4051 criptis
734 3968 838 4031 retro.
