2918 5046
722 465 863 519 ..74-

264 620 279 645 a
300 590 423 655 Roma!
446 588 538 655 Heu!
567 595 605 656 ut
628 589 706 675 quid
732 592 803 656 ueri
831 592 890 656 Dei
914 594 1051 659 nendos
1067 592 1221 660 occidisti
1243 614 1311 680 que

265 727 279 751 u
300 717 431 782 semper
446 695 631 762 falsitatem
642 704 678 763 'et
693 698 882 783 superbiam
902 719 975 764 cum
994 699 1149 767 omnibus
1165 701 1312 768 immun·

265 835 280 860 u
303 805 396 871 ditiis
409 812 443 872 et
461 804 622 870 salsorum
639 805 776 870 deorum
791 806 1033 891 inquietatibus
1045 807 1216 875 dilexisti!
1234 809 1311 884 Quo

265 943 279 966 a
300 932 404 997 regno
418 911 458 976 de
470 916 505 978 te
517 911 738 978 nondicetur:
754 918 789 979 et
806 914 920 981 euenit
935 914 1024 980 sicut
1038 912 1080 978 de
1092 913 1311 980 Hierusalem

264 1047 278 1072 u
298 1038 360 1103 que
382 1019 563 1104 prophetas
578 1017 744 1082 Altissimi
768 1017 902 1095 occidit,
929 1024 963 1085 et
984 1018 1018 1082 in
1038 1037 1079 1083 ea
1102 1017 1189 1104 lapis
1205 1039 1311 1105 super

264 1154 278 1178 u
298 1124 442 1210 lapidem
454 1145 519 1189 non
538 1124 896 1201 remansittORoma
918 1126 1027 1211 recipe
1041 1125 1308 1204 ueritatem,aut

264 1261 278 1286 u
298 1230 422 1318 peribis
437 1232 608 1297 sustinens
620 1230 816 1307 falsitatem,
834 1251 897 1315 que
908 1231 1052 1317 seipsam
1064 1251 1132 1297 non
1143 1231 1306 1310 sustinet,

264 1369 278 1395 u
295 1346 333 1406 ut
352 1341 387 1404 in
404 1340 538 1405 Nerone
562 1345 713 1425 apparet.
734 1339 884 1423 Expecta
899 1336 1165 1422 destructionem
1189 1354 1310 1402 muro

264 1475 279 1500 u
298 1466 371 1510 rum
387 1452 421 1511 et
434 1444 658 1510 omnimodam
675 1444 863 1510 absentiam
885 1442 1058 1521 nobilium,
1076 1462 1252 1529 procerum
1271 1447 1309 1510 et

213 1560 243 1613 10
264 1581 278 1607 u
300 1551 467 1617 uirorum!
487 1582 502 1607 n
521 1553 613 1616 Tunc
636 1550 805 1637 dixerunt
817 1550 967 1637 phisico:
989 1581 1003 1606 u
1025 1551 1120 1617 Vade
1135 1550 1178 1617 ad
1198 1551 1310 1638 impe·

264 1688 278 1714 a
298 1663 445 1724 retorem
459 1663 567 1734 tuum,
579 1663 613 1723 et
624 1655 681 1721 'fac
692 1657 722 1721 ei
735 1654 894 1724 sicuttibi
905 1656 1082 1742 placuerit,
1095 1656 1311 1743 quummale-

264 1795 278 1820 a
297 1763 477 1830 dictionem
490 1763 610 1829 dilexit
627 1765 736 1850 magis
752 1782 851 1848 quam
861 1762 1140 1830 benedictionem.
1158 1793 1174 1820 υ
1190 1763 1308 1850 Impe-

261 1876 357 1936 rator
376 1869 501 1935 stultus
517 1888 635 1934 ranam
652 1888 747 1934 suam
760 1869 838 1955 poni
859 1866 940 1935 fecit
953 1869 1044 1936 inter
1056 1866 1198 1955 lapides.

303 2410 428 2476 Deinde
451 2409 639 2475 mirabatur
669 2411 760 2475 Nero
773 2447 776 2453 ·
788 2408 1039 2474 succensionem
1056 2407 1157 2474 Troia
1172 2412 1209 2474 et
1223 2412 1309 2474 tunc

260 2516 457 2604 quibusdam
481 2515 520 2581 de
551 2516 620 2581 suis
647 2516 757 2582 dixit:
779 2516 914 2581 «Vobis
935 2515 1021 2582 dabo
1047 2513 1207 2582 marchas
1228 2516 1306 2581 auri

261 2656 276 2680 ι
296 2645 394 2710 quam
410 2624 573 2710 plurimas
589 2630 622 2690 et
640 2625 779 2689 Romam
794 2623 998 2690 succendite.
1019 2653 1033 2679 n
1048 2620 1140 2697 Quod
1154 2628 1190 2689 et
1213 2620 1307 2688 lece-

259 2738 351 2797 runt.
367 2732 459 2795 Tunc
472 2731 609 2807 stultus,
629 2729 668 2794 de
681 2732 782 2806 turri,
799 2729 968 2795 flammam
984 2729 1202 2815 prospitiens,
1216 2747 1305 2816 gau-

260 2836 360 2903 debat
375 2843 409 2903 et
421 2837 592 2903 cantabat.
614 2837 755 2900 ltornani
776 2857 857 2902 uero
878 2837 951 2901 eius
968 2836 1135 2901 insaniam
1159 2834 1304 2902 ulterius

260 2963 325 3008 non
340 2941 500 3018 ferentes,
517 2944 550 3007 in
561 2964 635 3007 eum
653 2944 811 3029 impetum
824 2941 987 3018 fecerunt,
1000 2949 1034 3009 et
1043 2942 1211 3029 persecuti
1223 2951 1304 3011 sunt

206 3056 241 3111 20
259 3070 334 3114 eunt
347 3048 530 3140 fugientem
548 3071 652 3134 usque
671 3057 769 3116 extra
785 3051 971 3125 ciuitatem,
994 3049 1048 3115 vbi
1069 3050 1216 3137 seipsum
1243 3068 1304 3136 per

260 3155 404 3222 medium
429 3156 505 3242 palo
518 3156 704 3233 transfixit,
724 3163 757 3223 et
776 3157 838 3223 tali
851 3162 959 3224 morte
974 3156 1098 3255 finiuit.

305 3482 398 3547 Tunc
412 3483 551 3548 inuenta
568 3482 643 3559 suit,
658 3504 678 3548 a
691 3485 805 3569 pueris
818 3485 1058 3562 Romanorum,
1073 3484 1107 3548 in
1119 3481 1300 3569 lapidibus,

261 3608 345 3653 rana
363 3608 462 3674 quam
481 3589 749 3658 combusserunt.
769 3592 812 3657 Et
824 3592 916 3656 locus
941 3591 1009 3668 ille,
1024 3611 1046 3657 a
1061 3591 1190 3658 latente
1201 3609 1300 3667 rana,

260 3715 379 3759 nomen
396 3695 537 3778 accepit,
559 3701 631 3761 uta
650 3696 846 3781 quibusdam
865 3696 989 3763 dicitur
1005 3697 1197 3763 Lateranis.
1219 3696 1304 3772 Qui-

260 3800 322 3866 bus
350 3800 503 3867 omnibus
534 3803 628 3878 uisis
654 3803 748 3868 multi
780 3804 1006 3868 Romanorum
1029 3802 1127 3869 fldem
1156 3801 1304 3869 catholi-

260 3930 332 3975 cam
352 3917 549 3995 receperunt
565 3930 624 3995 per
642 3909 774 3976 beatum
791 3910 994 3976 Clementem
1011 3908 1202 3996 pontificem
1219 3907 1302 3998 bap-

261 4018 369 4085 tizati.
392 4017 442 4086 td
456 4019 665 4085 Senonenses
681 4019 806 4105 primos
822 4018 997 4108 pontifices
1007 4016 1196 4086 redeamus.
