2970 5430
327 523 391 591 Illo
417 528 587 611 tempore.
616 528 739 593 contre
765 524 924 593 comitem
953 520 996 591 cle
1024 520 1110 591 Fcis
1144 520 1327 593 mun

282 629 399 710 duxit3
417 632 474 717 qni
488 648 601 697 eomes
614 630 680 697 sibi
694 630 860 699 adductus
872 628 950 699 suit.
965 627 1098 699 Pom
1108 626 1217 697 elim
1228 626 1330 697 'duis
1376 702 1382 715 ,

283 756 423 803 uxorem
437 734 634 823 quemfecit
648 738 802 825 reginam
816 736 963 803 Marium
981 736 1137 815 nornine.
1161 732 1332 803 nobilln'e

282 861 384 921 mem,
395 842 659 929 pulcherrimam
678 848 715 911 et
737 840 931 921 amabilem,
948 858 1103 909 sororem
1126 838 1232 915 luen
1250 840 1330 915 Bw.

282 947 408 1017 buntie.
427 950 479 1017 Ex
492 948 664 1017 eahabnil
677 948 766 1018 filios
777 948 1072 1038 pulcherrimnsel
1083 944 1327 1017 nobilissime.

326 1164 495 1233 lohannes
513 1165 612 1245 XXI,
626 1166 814 1254 Hispanus.
826 1200 872 1219 -
885 1164 986 1233 Anno
997 1162 1138 1233 nomini
1151 1162 1328 1235 millena

280 1272 511 1343 ducentesimo
519 1275 771 1363 septuagesimo
782 1274 899 1342 tertio.
914 1270 1010 1341 Sedit
1036 1270 1221 1341 mensibus
1241 1274 1325 1353 ode,

280 1379 335 1447 die
359 1400 425 1447 uno
445 1404 454 1461 ;
477 1383 626 1449 cessauit
656 1382 830 1449 mensibus
844 1400 918 1459 sex,
947 1378 1067 1447 diebus
1091 1382 1244 1469 septen.
1268 1380 1328 1451 ilie

280 1486 451 1553 lohannes
465 1488 501 1554 in
515 1486 662 1555 diuersis
677 1488 831 1557 scientiis
845 1487 997 1555 famosus
1011 1484 1090 1571 l'uil,
1109 1486 1227 1577 prino
1241 1488 1328 1579 epis·

228 1608 259 1664 10
279 1615 382 1681 copus
403 1595 678 1663 Tusculanensis.
706 1596 772 1663 Hic
800 1594 946 1663 scientie
965 1592 1195 1663 scientiarum
1214 1590 1326 1665 flor·

279 1710 314 1767 et
336 1700 563 1786 pontificalem
592 1702 796 1789 dignitatem
821 1720 952 1769 morum
976 1698 1127 1787 quadarn
1155 1702 1326 1775 solidiue

278 1806 511 1889 deformabet3
529 1830 609 1877 nam
637 1808 808 1877 industrie
831 1806 983 1877 neturnli
1000 1806 1190 1895 aliqnando
1215 1828 1325 1879 curn

279 1913 471 1983 uidebatur.
489 1918 616 1983 Temen
631 1916 819 1984 communis
832 1919 909 1983 eret
927 1912 1135 2002 pauperibus
1152 1920 1193 1985 et
1214 1916 1325 1987 diuin-

278 2019 353 2099 bus,
371 2028 406 2089 et
425 2023 572 2092 libenter
587 2023 793 2111 pauperibus
814 2020 1003 2089 scolaribus
1024 2018 1194 2091 benefitia
1217 2020 1324 2091 conl*

278 2128 387 2197 rebat.
404 2132 551 2199 Vilerbii
565 2134 657 2199 circa
668 2131 833 2219 palatium
847 2128 1193 2199 fecitflericamerem
1208 2140 1323 2199 nem

277 2257 353 2321 qne,
370 2236 448 2303 dum
464 2240 556 2305 solus
572 2241 607 2305 in
623 2259 665 2307 ee
676 2243 781 2317 esset,
796 2238 939 2317 corruit,
952 2240 989 2305 et
999 2238 1094 2305 inter
1108 2236 1212 2327 ligna
1229 2236 1324 2309 etle-

277 2343 371 2428 pides
384 2344 522 2412 collisus
538 2352 636 2414 sexto
655 2346 710 2412 die
724 2345 893 2433 perceptis
908 2343 1136 2413 sacramentis
1149 2342 1327 2413 ecclesiu-

276 2450 355 2515 licis
381 2452 565 2539 expirauil,
593 2456 629 2519 ei
653 2432 691 2518 in
719 2451 863 2519 ecclesie
887 2448 1211 2521 Sancti-Laurentii
1231 2470 1326 2539 up·-

277 2553 372 2623 litun.

218 2771 255 2828 20
319 2772 418 2837 Anno
447 2772 582 2839 Domini
610 2772 790 2840 millesimo
817 2770 1050 2841 ducentesimo
1070 2770 1324 2861 septuagenus

274 2884 409 2964 quarto,
428 2878 572 2946 domnus
596 2880 721 2948 Petrus
740 2880 782 2947 de
804 2880 1012 2959 Chaminos.
1033 2878 1091 2947 uir
1113 2884 1238 2949 mete
1261 2898 1326 2949 no·

274 2988 392 3065 morie,
403 2987 498 3068 obiit;
512 2990 547 3054 in
560 2988 664 3055 choro
677 2989 817 3055 maioris
831 2988 972 3055 ecclesie
987 2984 1166 3075 sepelitur.
1186 2986 1325 3057 urens

275 3092 430 3158 sissimus
450 3092 536 3173 fuil;
557 3093 667 3162 multe
693 3092 781 3161 bone
808 3092 900 3161 lecit.
930 3092 1104 3161 Peleliurn
1132 3090 1225 3179 quod
1250 3108 1324 3161 oon·

272 3202 431 3266 truxerat
447 3199 532 3267 bone
544 3202 705 3267 memorie
719 3200 863 3267 domnus
877 3198 1062 3267 Geltlrerns
1076 3196 1239 3277 Cornuti,
1264 3214 1323 3287 per

271 3304 395 3369 turrim
415 3306 590 3374 cadentem
608 3306 834 3384 destructum,
850 3304 1011 3373 renouari
1025 3302 1121 3373 iecit.

315 3410 379 3477 Illo
393 3416 555 3500 tempore,
580 3415 704 3482 Petrus
716 3414 758 3481 de
771 3415 966 3503 Arragonie
984 3412 1131 3501 perenn
1145 3414 1321 3505 nauigium

270 3523 390 3587 contre
405 3520 569 3626 Kerolurn
584 3523 869 3601 illustrissimum,
886 3518 1140 3610 regemSicilie.
