2970 5430
706 536 845 588 -bo-

445 769 495 835 De
510 770 626 834 sancta
644 763 837 843 Petronilla,
853 764 926 849 filiu
941 763 1031 831 baali
1044 765 1151 832 Petri.

313 983 395 1048 Cum
418 980 534 1047 eodem
553 980 767 1046 sanctissimo
791 978 893 1047 Petro
915 944 986 1046 fllia
1011 1000 1073 1046 sua
1088 981 1194 1047 Roma
1215 980 1313 1049 uenit

271 1092 389 1154 sancta
414 1087 511 1174 uirgo
544 1082 752 1165 Petronilla3
785 1092 819 1153 et
848 1087 1019 1154 infirmata
1048 1085 1113 1155 fuit
1133 1087 1314 1174 paralitica
1369 1071 1374 1079 ⁹

270 1195 396 1264 iacens.
424 1187 501 1260 Vua
527 1180 593 1272 die,
619 1181 748 1259 Nereus
775 1199 810 1259 et
839 1192 1012 1258 Achilleus
1041 1193 1165 1268 sancti,
1192 1196 1314 1278 postea

270 1306 465 1387 martyres,
493 1306 527 1368 et
552 1300 755 1376 Marcellus,
779 1320 852 1364 cum
879 1296 966 1384 apud
995 1297 1171 1362 Dominum
1191 1314 1314 1392 papam

272 1409 409 1474 Petrum
424 1411 601 1484 cenareut,
620 1406 763 1491 contigit
776 1410 814 1470 ut
829 1406 949 1488 Tyrus,
975 1403 1031 1488 qui
1058 1410 1133 1467 cum
1157 1402 1207 1490 eis
1223 1404 1313 1477 erat,

271 1513 397 1581 diceret
421 1505 545 1579 Petro:
575 1537 592 1571 u
608 1511 690 1577 Cum
714 1511 865 1576 uniuersi
882 1516 1046 1575 sanentur
1071 1529 1092 1573 a
1115 1513 1150 1574 te
1173 1505 1312 1581 infirmi.

273 1649 288 1674 a
304 1637 407 1705 quare
422 1613 642 1684 Petrouillam
659 1617 839 1703 uirginem.
857 1613 961 1680 filiam
978 1620 1084 1691 tuam,
1101 1612 1314 1699 paraliticum

274 1756 289 1782 κ
306 1727 415 1791 iacere
432 1725 629 1811 permittitis
641 1723 654 1788 i
667 1755 682 1780 n
699 1723 882 1809 Apostolus
900 1723 947 1791 ait
963 1742 970 1786 :
986 1752 1000 1777 u
1017 1721 1071 1788 Sic
1084 1718 1220 1807 expedit
1234 1718 1277 1784 ei.
1297 1749 1313 1775 n

222 1840 253 1896 to
272 1819 336 1897 Sed
358 1850 400 1894 ue
425 1829 679 1896 existimaretur
694 1828 948 1915 impossibilitas
965 1826 1209 1893 incolumitatis
1226 1826 1313 1902 cius,

272 1935 360 2002 dixit
380 1934 422 2000 ad
438 1954 533 2000 eam:
555 1965 569 1990 a
589 1935 795 2012 Petronilla,
813 1933 985 2011 tiliamea,
1008 1954 1129 2020 surge,
1157 1933 1316 1999 ministra

275 2071 290 2102 ι
307 2040 414 2109 nobis.
433 2071 448 2097 n
486 2041 529 2109 Et
552 2042 668 2108 statim
700 2042 861 2110 surrexit.
887 2041 1143 2126 Ministerioque
1165 2040 1313 2127 expleto.

273 2148 374 2216 iussit
388 2168 461 2217 eam
477 2149 659 2240 Apostolus
676 2147 787 2214 redire
804 2147 846 2213 ad
859 2147 1072 2234 grabbatum.
1089 2147 1153 2213 Illa
1167 2167 1261 2225 uero,
1280 2149 1314 2213 iu

274 2255 334 2322 Del
346 2254 467 2320 timore
483 2256 645 2342 perfecta,
664 2261 781 2341 postea
801 2261 923 2322 sanata
944 2261 1008 2332 est,
1030 2262 1065 2322 et
1079 2255 1196 2321 multis
1215 2274 1316 2341 egro·

273 2347 426 2424 tentibus
448 2360 591 2428 contulit
622 2362 817 2427 sanitatem.
847 2362 890 2427 Et
917 2382 1016 2447 quum
1042 2360 1143 2427 nimis
1167 2361 1317 2447 spetiosa

274 2469 361 2542 erat,
377 2467 471 2532 uenit
480 2466 521 2532 ad
535 2487 608 2533 eam
619 2469 782 2547 Flactius,
795 2489 918 2546 comes,
935 2475 973 2535 ut
987 2488 1061 2535 eam
1074 2468 1136 2534 sibi
1150 2469 1317 2561 acciperet

275 2572 310 2636 iu
325 2591 477 2638 uxorem.
503 2574 563 2639 Cui
578 2575 766 2641 Petronilla
782 2577 851 2643 ait:
872 2605 887 2632 a
903 2573 954 2641 Ad
976 2574 1120 2666 puellam
1140 2575 1175 2638 iu
1191 2573 1315 2660 hymen

277 2709 291 2733 a
307 2698 381 2743 cum
399 2679 562 2746 militibus
580 2683 722 2748 armatis
743 2682 886 2759 uenisti;
910 2682 938 2748 si
955 2700 1095 2746 uxorem
1115 2700 1168 2745 me
1191 2678 1317 2745 habere

277 2815 291 2841 u
311 2787 376 2864 uis,
393 2785 446 2854 sac
458 2793 632 2854 matronas
639 2795 673 2856 et
681 2789 830 2875 uirgines
843 2787 885 2852 ad
893 2809 946 2853 me
959 2786 1075 2852 uenire
1083 2790 1118 2852 et
1126 2804 1192 2851 nou
1205 2784 1316 2850 homi-

220 2907 256 2962 10
276 2922 291 2948 υ
311 2912 383 2958 nes.
400 2893 567 2960 »Factum
586 2902 638 2962 est
649 2901 760 2962 autem
776 2901 826 2972 ut,
839 2895 943 2961 trium
953 2893 1083 2958 dierum
1094 2899 1232 2979 accepto
1244 2911 1316 2978 spa·

274 3001 334 3075 tio,
352 3003 472 3065 sancta
488 3000 674 3066 Petrouilla
694 3001 829 3066 ieiuniis
841 3006 879 3067 et
904 2998 1114 3065 orationibus
1138 2998 1313 3085 seposuit.

275 3104 429 3173 Habebat
456 3112 569 3172 autem
595 3126 706 3171 secum
734 3111 884 3173 sanctam
903 3105 1107 3182 Feliculam,
1133 3104 1313 3190 uirginem,

275 3212 516 3278 collactaneam
541 3233 650 3289 suam,
683 3214 717 3278 iu
745 3212 804 3281 Dei
832 3213 954 3278 timore
979 3209 1176 3302 perfectam.
1201 3209 1317 3274 Tertio

276 3318 389 3402 itaque
406 3317 459 3383 die
472 3320 566 3385 uenit
579 3318 622 3384 ad
638 3339 712 3384 eam
725 3323 863 3384 sauctus
874 3315 1110 3393 Nicbomedes,
1123 3313 1315 3402 presbyter,

277 3443 388 3488 secum
410 3422 564 3491 deferens
582 3431 850 3504 sacramentum,
873 3424 1030 3491 uidelicet
1047 3441 1172 3508 corpus
1185 3421 1314 3508 Xpisti.

276 3529 383 3615 Virgo
411 3550 492 3595 uero
516 3532 726 3610 Petronilla‚
761 3552 838 3597 mox
866 3537 904 3600 ut
929 3531 1044 3619 Xpisti
1068 3534 1316 3595 sacramentum

277 3638 417 3724 accepit,
429 3637 599 3703 reclinans
615 3660 651 3704 se
664 3641 698 3704 iu
716 3640 814 3717 lecto,
827 3640 942 3705 emisit
954 3635 1123 3725 spiritum,
1136 3655 1233 3722 quem
1253 3656 1318 3702 an-

276 3742 342 3830 geli
357 3750 588 3830 susceperunt.
602 3746 806 3832 Factumque
822 3754 874 3814 est
889 3753 927 3814 ut
939 3751 1092 3812 matrone
1103 3750 1139 3810 et
1151 3743 1315 3830 uirgines,
1366 3756 1370 3764 ·

275 3869 340 3936 que
356 3849 494 3918 suerent
519 3869 540 3915 e
568 3850 690 3918 comite
715 3851 870 3931 adducta,
885 3852 1045 3942 exequias
1070 3855 1187 3918 sancte
1202 3849 1319 3916 Petro·

223 3976 257 4035 30
275 3957 357 4028 uilla
376 3958 521 4047 uirginis
536 3957 760 4046 perfecerunt.
