2970 5430
727 444 870 495 ..94-

272 567 344 632 cedi
358 574 392 633 et
404 566 551 645 detrahi,
570 569 618 633 ita
629 573 666 634 ut
679 567 798 634 beatus
809 567 1033 632 Potentianus
1046 566 1184 634 brachio
1194 568 1315 636 dextro

273 674 362 739 inter
381 679 628 740 tormentorum
654 695 779 761 genera
802 675 1008 760 priuaretur.
1026 674 1195 761 Unguium
1211 674 1314 742 enam

272 800 431 844 manuum
461 786 495 846 et
524 781 644 866 pedurn
671 781 856 858 euulsione,
883 779 1036 867 exemplo
1066 780 1312 858 crudelissimo,

271 885 462 965 laniantum
488 887 544 951 sed
565 889 655 954 inter
672 893 844 954 tormenta
862 908 984 972 ymnos
1000 888 1170 954 soluentes
1184 892 1221 954 et
1232 907 1315 974 gra·

271 992 350 1055 tias.
367 992 516 1076 Angelus
532 994 581 1058 eis
597 995 720 1071 astitit,
740 1000 774 1060 et
787 999 904 1059 sancto
919 995 1122 1060 Potentiano
1137 992 1313 1066 brachium

271 1099 434 1174 restituit,
450 1103 484 1163 et
503 1099 611 1183 ipsum
629 1119 703 1163 curn
731 1099 831 1164 sociis
858 1098 1005 1166 reddidit
1018 1098 1172 1165 sanitati.
1186 1098 1261 1174 Qua
1271 1098 1313 1164 de

271 1205 1314 1290 causa,carcereretruduntur,inquodiuinumsolatiumrece·

224 1364 225 1367 η
272 1317 404 1396 perunt.
424 1311 700 1379 Reclamantibus
716 1313 829 1397 itaque
844 1311 937 1376 urbis
954 1311 1135 1388 nobilibus,
1151 1329 1227 1377 cum
1241 1309 1312 1376 fere

271 1418 361 1481 omni
383 1417 516 1502 populo,
533 1419 658 1483 iniuste
674 1419 801 1485 sanctis
817 1417 879 1482 hec
901 1417 985 1494 fieri,
1012 1419 1156 1484 Seuerus
1178 1417 1313 1485 seditio·

222 1541 254 1597 ¹0
273 1544 347 1587 nem
378 1543 499 1588 uerens
524 1525 649 1610 populi,
667 1545 724 1589 eos
740 1516 840 1590 iussit
856 1544 915 1609 per
929 1523 1113 1601 Urbanum,
1131 1523 1308 1600 uicarium,

272 1629 353 1694 urbe
374 1629 513 1696 eductos
532 1631 704 1696 decollari.
729 1632 821 1695 Tunc
835 1629 927 1696 ducti
943 1636 1023 1697 sunt
1039 1630 1081 1695 ad
1098 1628 1310 1715 sepulchrum

271 1738 530 1826 predecessoris,
545 1740 818 1807 sanctividelicet
830 1740 1018 1805 Sauiniani.
1029 1739 1221 1806 Comitaube
1231 1758 1310 1805 vero

272 1846 487 1912 multitudiue
504 1849 653 1913 uirorum
678 1867 717 1913 ac
740 1847 930 1924 mulierum,
948 1846 1067 1912 beatus
1085 1846 1310 1912 Potentianus

272 1954 359 2039 cepit
374 1954 536 2039 piissimis
555 1954 832 2040 persuasionibus
856 1953 898 2018 ad
916 1951 1014 2018 fidem
1038 1951 1241 2019 catholicam
1258 1952 1311 2016 in·

272 2061 390 2127 citare.

318 2601 401 2665 Post
410 2598 484 2677 hec,
497 2601 618 2676 sancti,
638 2599 884 2665 acarnificibus
901 2600 1046 2685 spatium
1064 2597 1183 2665 orandi
1197 2598 1309 2685 implo-

273 2713 401 2782 ranteS,
416 2712 611 2771 creuerunt.
636 2706 797 2772 Oratione
818 2705 980 2791 perfecta,
1004 2704 1112 2772 flectis
1127 2703 1308 2791 poplitibus

274 2819 492 2899 susceperunt
504 2813 681 2898 capitalem
696 2813 899 2878 sententiam
912 2813 1092 2897 patienter,
1108 2809 1225 2875 eadem
1241 2809 1305 2881 die.

273 2940 361 2984 anno
384 2920 550 2996 reuoluto,
569 2939 634 3003 que
654 2918 772 2982 beatus
790 2917 993 2982 Sauinianus
1009 2916 1122 2982 fuerat
1143 2915 1309 3001 martyrio

219 3044 255 3101 20
273 3033 465 3091 coronatus.
479 3024 625 3098 Quorum
645 3024 819 3088 exanimes
838 3029 945 3100 artus,
960 3043 1001 3087 ne
1016 3020 1131 3085 fideles
1144 3041 1202 3085 eos
1215 3040 1309 3107 sepe-

273 3133 387 3207 lirent,
408 3131 489 3195 feris
504 3135 538 3195 et
556 3129 675 3194 auibus
694 3128 912 3206 dimiserunt;
936 3127 994 3192 sed
1010 3126 1225 3213 prouidentia
1238 3126 1307 3202 Dei,

273 3239 391 3304 dentes
418 3237 564 3303 ferarum
582 3257 642 3301 nec
659 3256 739 3301 aues
765 3242 959 3301 sanctorum
979 3254 1121 3320 corpora
1144 3234 1307 3299 leserunt.

274 3347 367 3410 Tunc
395 3365 416 3410 a
443 3343 609 3420 fidelibus,
628 3344 723 3409 iuxta
752 3341 964 3428 sepulchrum
989 3342 1098 3407 sancti
1120 3341 1307 3417 Sauiniani,

274 3451 697 3526 summarumrenerentia,
710 3454 789 3514 sunt
800 3448 942 3534 sepulta.
954 3448 1048 3526 Post,
1060 3449 1174 3514 utiam
1184 3445 1309 3514 dictum

272 3565 338 3635 est,
356 3578 429 3623 cum
446 3563 564 3623 sancto
579 3556 774 3631 Sauiniano,
799 3555 833 3619 in
857 3554 1043 3641 predictum
1067 3553 1310 3620 Sancti-Petri·

272 3665 350 3730 Uiui
366 3665 608 3730 monasterium
624 3669 703 3730 sunt
717 3661 900 3729 translata.
