2918 5046
260 440 378 507 diebus
406 444 552 527 quatuor
575 444 611 509 et
635 442 783 523 nicenti;
807 442 955 510 cessauit
981 440 1101 508 diebus
1124 452 1278 511 nonemet

261 550 399 619 uicenti.

305 766 349 829 Dc
362 762 534 831 deuotione
554 762 692 831 dotarii
712 762 813 849 repis,
835 774 868 829 ct
884 762 926 829 de
938 774 1051 833 castro
1073 764 1242 831 destructo.

304 978 368 1045 Illo
380 986 543 1065 tempore,
557 998 619 1043 rer
632 976 801 1044 Robertus
814 978 1021 1045 Francorum
1038 984 1136 1047 tante
1153 978 1273 1047 deuotio

260 1088 313 1151 nis
324 1090 400 1151 erat
410 1083 510 1171 qnod,
524 1086 558 1150 in
574 1082 870 1163 sollemnitatibus,
880 1104 955 1150 cum
969 1084 1147 1153 monachis
1157 1090 1272 1153 etcum

260 1190 346 1255 nicis
357 1188 509 1267 chorum,
527 1188 665 1257 indutus
681 1209 764 1277 capa
783 1190 825 1256 de
848 1192 968 1271 serico,
984 1190 1139 1279 regebat,
1156 1190 1270 1259 meru

260 1298 385 1364 clarus.
407 1296 541 1365 Accidit
563 1296 649 1383 quod
681 1302 831 1364 castrum
857 1296 1013 1378 obsedit;
1036 1296 1096 1365 sed
1120 1298 1270 1365 aucmento

261 1403 349 1472 festo
366 1406 476 1471 saneti
489 1406 615 1472 Aniani
625 1405 829 1489 Aurelianis,
845 1403 990 1491 dumque
1011 1402 1151 1471 chorum
1163 1404 1270 1493 rem

260 1512 401 1579 dicendo
417 1532 504 1600 genn
519 1511 607 1579 flexo
617 1517 691 1581 ter:
712 1513 855 1579 “Annus
870 1510 959 1590 dei‚·
976 1512 1066 1577 muri
1077 1506 1270 1579 castriinndi·

208 1632 243 1690 to
259 1627 316 1689 tus
334 1626 547 1687 corruerunt.
574 1620 703 1687 Statuit
727 1624 867 1686 cantare
881 1618 917 1683 in
936 1616 991 1683 die
1006 1618 1269 1703 Pentecosten!

260 1728 461 1794 Franciam:
478 1724 598 1793 Sancti
610 1724 758 1811 Spiritus
770 1725 850 1792 assit
865 1724 957 1793 noba'e
965 1724 1091 1811 pratris,
1103 1746 1197 1815 quum
1209 1738 1268 1791 m

261 1836 425 1922 magister
436 1832 574 1901 iecerat.

426 2269 472 2333 Dc
483 2274 599 2332 sancto
619 2262 749 2351 Samio,
772 2274 806 2331 et
820 2264 969 2349 sepulcro
986 2264 1126 2333 Domini.

302 2479 440 2565 Sergius
457 2480 518 2557 IV,
538 2498 627 2543 anno
640 2479 771 2544 Domini
785 2478 963 2547 millesimo
976 2480 1132 2567 septimo.
1148 2472 1265 2545 -Sedit

258 2589 357 2653 annis
372 2586 512 2663 duobus
532 2585 703 2651 mensibus
728 2592 874 2673 septem
899 2590 1050 2655 cessauit
1071 2586 1185 2655 diebus
1200 2594 1263 2653 ouo.

258 2694 401 2761 Sanctus
416 2701 450 2762 et
466 2699 581 2760 castus
598 2693 674 2762 fnit.

300 2803 399 2868 Anno
416 2801 549 2866 Domini
567 2801 746 2868 millesimo
767 2807 901 2881 octauo,
927 2802 1143 2891 sepulchrum
1161 2794 1260 2871 Domii

257 2910 459 2977 destruitur.
1193 2926 1196 2931 ·

446 3126 490 3191 Dc
502 3122 681 3193 Benedicta
693 3144 781 3210 papa
790 3124 904 3203 eiecto,
921 3136 954 3191 et
966 3124 1107 3197 uitione.

204 3346 241 3405 td
301 3344 400 3409 Anno
426 3344 557 3409 Domini
589 3341 767 3407 millesimo
796 3340 936 3419 decimo,
967 3340 1169 3409 Benedictus
1191 3328 1262 3407 VIII·

259 3435 480 3517 Tusculanus.
498 3486 542 3501 ·-
558 3448 652 3515 Sedit
675 3450 774 3514 annis
788 3448 955 3525 undecim,
978 3447 1097 3515 diebus
1116 3440 1264 3513 uiuentiti

259 3578 345 3635 nn0;
365 3558 512 3625 cessauit
531 3578 620 3623 atino
635 3577 712 3622 vno.
729 3557 865 3624 Eiectus
881 3554 946 3622 suit
958 3554 1000 3622 do
1015 3560 1141 3643 papatu
1155 3558 1187 3621 et
1199 3544 1262 3615 ctu

258 3662 446 3741 ordinatus;
474 3662 562 3729 vnde
595 3664 719 3729 scisma
746 3660 821 3729 suit.
850 3662 938 3729 Dicit
964 3662 1089 3729 Petrus
1112 3658 1261 3727 nanim·
1307 3660 1310 3779 4

258 3770 344 3857 quod
372 3770 506 3855 quidam
535 3772 710 3857 episcopus
731 3769 817 3836 vidit
846 3770 955 3857 ipsum
979 3768 1190 3837 Benedictnm
1205 3760 1261 3851 μί

258 3888 401 3945 mortem
411 3899 511 3965 super
521 3900 641 3965 equum
651 3880 798 3965 nigrum.
811 3876 871 3944 Cui
883 3876 1170 3967 dixitepiscopus:
1180 3872 1262 3947 ⁸0¹0

258 3985 428 4053 modotibi
437 3986 554 4073 patent
564 4016 578 4043 n
590 3986 651 4053 Cui
660 3986 882 4055 Benedictus:
900 4016 915 4043 ι
930 3986 1115 4074 Torqueor,
1126 3978 1262 4053 adme
