<?xml version="1.0" encoding="UTF-8"?>
<!DOCTYPE html PUBLIC "-//W3C//DTD XHTML 1.0 Transitional//EN"
    "http://www.w3.org/TR/xhtml1/DTD/xhtml1-transitional.dtd">
<html xmlns="http://www.w3.org/1999/xhtml" xml:lang="en" lang="en">
 <head>
  <title>
</title>
<meta http-equiv="Content-Type" content="text/html;charset=utf-8" />
  <meta name='ocr-system' content='tesseract 3.04.00' />
  <meta name='ocr-capabilities' content='ocr_page ocr_carea ocr_par ocr_line ocrx_word'/>
</head>
<body>
  <div class='ocr_page' id='page_1' title='image "./chroniquedelabb00fragoog_0388.png"; bbox 0 0 2918 5046; ppageno 0'>
   <div class='ocr_carea' id='block_1_1' title="bbox 707 387 869 447">
    <p class='ocr_par' dir='ltr' id='par_1_1' title="bbox 707 387 869 447">
     <span class='ocr_line' id='line_1_1' title="bbox 707 387 869 447; baseline -0.012 -14"><span class='ocrx_word' id='word_1_1' title='bbox 707 387 869 447; x_wconf 70' lang='lat'><strong>..354-</strong></span> 
     </span>
    </p>
   </div>
   <div class='ocr_carea' id='block_1_2' title="bbox 206 512 1334 3924">
    <p class='ocr_par' dir='ltr' id='par_1_2' title="bbox 206 512 1334 3924">
     <span class='ocr_line' id='line_1_2' title="bbox 266 512 1295 605; baseline -0.004 -22"><span class='ocrx_word' id='word_1_2' title='bbox 266 518 477 605; x_wconf 83' lang='lat' dir='ltr'>sexagesimo</span> <span class='ocrx_word' id='word_1_3' title='bbox 507 518 618 593; x_wconf 85' lang='lat' dir='ltr'>sexto,</span> <span class='ocrx_word' id='word_1_4' title='bbox 644 516 710 581; x_wconf 89' lang='lat' dir='ltr'>iste</span> <span class='ocrx_word' id='word_1_5' title='bbox 732 514 889 581; x_wconf 89' lang='lat' dir='ltr'>dominus</span> <span class='ocrx_word' id='word_1_6' title='bbox 909 515 1095 583; x_wconf 77' lang='lat' dir='ltr'>anstasius</span> <span class='ocrx_word' id='word_1_7' title='bbox 1112 512 1295 591; x_wconf 80' lang='lat' dir='ltr'>laudabilis,</span> 
     </span>
     <span class='ocr_line' id='line_1_3' title="bbox 266 623 1297 709; baseline 0 -20"><span class='ocrx_word' id='word_1_8' title='bbox 266 631 405 692; x_wconf 88' lang='lat' dir='ltr'>sanctus</span> <span class='ocrx_word' id='word_1_9' title='bbox 428 630 463 690; x_wconf 86' lang='lat' dir='ltr'>et</span> <span class='ocrx_word' id='word_1_10' title='bbox 482 624 657 698; x_wconf 87' lang='lat' dir='ltr'>innocens,</span> <span class='ocrx_word' id='word_1_11' title='bbox 674 642 773 709; x_wconf 85' lang='lat' dir='ltr'>prece</span> <span class='ocrx_word' id='word_1_12' title='bbox 794 623 951 691; x_wconf 89' lang='lat' dir='ltr'>Lotharii</span> <span class='ocrx_word' id='word_1_13' title='bbox 966 624 1073 709; x_wconf 80' lang='lat' dir='ltr'>regis,</span> <span class='ocrx_word' id='word_1_14' title='bbox 1090 628 1297 689; x_wconf 79' lang='lat' dir='ltr'>consecratus</span> 
     </span>
     <span class='ocr_line' id='line_1_4' title="bbox 266 728 1296 818; baseline 0.002 -23"><span class='ocrx_word' id='word_1_15' title='bbox 266 730 353 818; x_wconf 87' lang='lat' dir='ltr'>apud</span> <span class='ocrx_word' id='word_1_16' title='bbox 374 731 619 817; x_wconf 73' lang='lat' dir='ltr'>itpugniacum,</span> <span class='ocrx_word' id='word_1_17' title='bbox 652 728 781 795; x_wconf 89' lang='lat' dir='ltr'>decime</span> <span class='ocrx_word' id='word_1_18' title='bbox 804 736 926 797; x_wconf 87' lang='lat' dir='ltr'>octauo</span> <span class='ocrx_word' id='word_1_19' title='bbox 960 729 1126 797; x_wconf 82' lang='lat' dir='ltr'><strong>kalendas</strong></span> <span class='ocrx_word' id='word_1_20' title='bbox 1148 730 1296 809; x_wconf 81' lang='lat' dir='ltr'>ianuarii,</span> 
     </span>
     <span class='ocr_line' id='line_1_5' title="bbox 266 835 1297 925; baseline 0 -22"><span class='ocrx_word' id='word_1_21' title='bbox 266 856 355 903; x_wconf 88' lang='lat' dir='ltr'>anno</span> <span class='ocrx_word' id='word_1_22' title='bbox 370 836 621 903; x_wconf 87' lang='lat' dir='ltr'>Incarnationis</span> <span class='ocrx_word' id='word_1_23' title='bbox 636 835 802 902; x_wconf 88' lang='lat' dir='ltr'>dominice</span> <span class='ocrx_word' id='word_1_24' title='bbox 815 836 1023 923; x_wconf 87' lang='lat' dir='ltr'>supradicto.</span> <span class='ocrx_word' id='word_1_25' title='bbox 1041 838 1086 905; x_wconf 87' lang='lat' dir='ltr'>Et</span> <span class='ocrx_word' id='word_1_26' title='bbox 1099 838 1181 925; x_wconf 85' lang='lat' dir='ltr'>quia</span> <span class='ocrx_word' id='word_1_27' title='bbox 1203 836 1297 903; x_wconf 88' lang='lat' dir='ltr'>Rome</span> 
     </span>
     <span class='ocr_line' id='line_1_6' title="bbox 264 942 1298 1033; baseline 0 -24"><span class='ocrx_word' id='word_1_28' title='bbox 264 942 376 1010; x_wconf 87' lang='lat' dir='ltr'>adhuc</span> <span class='ocrx_word' id='word_1_29' title='bbox 413 942 559 1009; x_wconf 89' lang='lat' dir='ltr'>durabat</span> <span class='ocrx_word' id='word_1_30' title='bbox 593 942 756 1022; x_wconf 86' lang='lat' dir='ltr'>turbatio,</span> <span class='ocrx_word' id='word_1_31' title='bbox 796 943 873 1009; x_wconf 92' lang='lat' dir='ltr'>ideo</span> <span class='ocrx_word' id='word_1_32' title='bbox 894 964 916 1011; x_wconf 84' lang='lat' dir='ltr'>a</span> <span class='ocrx_word' id='word_1_33' title='bbox 937 942 1168 1033; x_wconf 82' lang='lat' dir='ltr'>suffraganeis</span> <span class='ocrx_word' id='word_1_34' title='bbox 1198 962 1298 1011; x_wconf 75' lang='lat' dir='ltr'>oense</span> 
     </span>
     <span class='ocr_line' id='line_1_7' title="bbox 264 1058 394 1117; baseline 0.008 -1"><span class='ocrx_word' id='word_1_35' title='bbox 264 1058 394 1117; x_wconf 82' lang='lat' dir='ltr'>cretur.</span> 
     </span>
     <span class='ocr_line' id='line_1_8' title="bbox 307 1157 1293 1245; baseline 0.005 -23"><span class='ocrx_word' id='word_1_36' title='bbox 307 1158 407 1223; x_wconf 78' lang='lat' dir='ltr'>Anno</span> <span class='ocrx_word' id='word_1_37' title='bbox 436 1158 568 1222; x_wconf 85' lang='lat' dir='ltr'>Domini</span> <span class='ocrx_word' id='word_1_38' title='bbox 602 1157 898 1245; x_wconf 78' lang='lat' dir='ltr'>noningentesimo</span> <span class='ocrx_word' id='word_1_39' title='bbox 924 1160 1140 1245; x_wconf 83' lang='lat' dir='ltr'>sexagesimo</span> <span class='ocrx_word' id='word_1_40' title='bbox 1172 1160 1293 1245; x_wconf 77' lang='lat' dir='ltr'>quare.</span> 
     </span>
     <span class='ocr_line' id='line_1_9' title="bbox 263 1263 627 1349; baseline -0.005 -21"><span class='ocrx_word' id='word_1_41' title='bbox 263 1270 341 1349; x_wconf 87' lang='lat' dir='ltr'>post</span> <span class='ocrx_word' id='word_1_42' title='bbox 370 1263 516 1329; x_wconf 86' lang='lat' dir='ltr'>Leonem</span> <span class='ocrx_word' id='word_1_43' title='bbox 551 1264 627 1327; x_wconf 85' lang='lat' dir='ltr'>IX:</span> 
     </span>
     <span class='ocr_line' id='line_1_10' title="bbox 309 1370 1295 1461; baseline 0.002 -24"><span class='ocrx_word' id='word_1_44' title='bbox 309 1372 479 1437; x_wconf 87' lang='lat' dir='ltr'>Iohannes</span> <span class='ocrx_word' id='word_1_45' title='bbox 489 1370 589 1448; x_wconf 83' lang='lat' dir='ltr'>XIII,</span> <span class='ocrx_word' id='word_1_46' title='bbox 601 1370 815 1437; x_wconf 80' lang='lat' dir='ltr'>Narniensis.</span> <span class='ocrx_word' id='word_1_47' title='bbox 829 1408 871 1423; x_wconf 91' lang='lat'>·-</span> <span class='ocrx_word' id='word_1_48' title='bbox 883 1372 1047 1459; x_wconf 82' lang='lat' dir='ltr'>Tempore</span> <span class='ocrx_word' id='word_1_49' title='bbox 1056 1370 1199 1439; x_wconf 83' lang='lat' dir='ltr'>Octonis</span> <span class='ocrx_word' id='word_1_50' title='bbox 1208 1374 1295 1461; x_wconf 76' lang='lat' dir='ltr'>impe</span> 
     </span>
     <span class='ocr_line' id='line_1_11' title="bbox 212 1477 1293 1564; baseline 0.007 -25"><span class='ocrx_word' id='word_1_51' title='bbox 212 1484 244 1541; x_wconf 83' lang='lat'>10</span> <span class='ocrx_word' id='word_1_52' title='bbox 263 1480 402 1556; x_wconf 88' lang='lat' dir='ltr'>ratoris,</span> <span class='ocrx_word' id='word_1_53' title='bbox 420 1477 509 1543; x_wconf 90' lang='lat' dir='ltr'>sedit</span> <span class='ocrx_word' id='word_1_54' title='bbox 522 1478 621 1541; x_wconf 88' lang='lat' dir='ltr'>annis</span> <span class='ocrx_word' id='word_1_55' title='bbox 645 1484 787 1564; x_wconf 86' lang='lat' dir='ltr'>septem,</span> <span class='ocrx_word' id='word_1_56' title='bbox 805 1478 978 1545; x_wconf 90' lang='lat' dir='ltr'>mensibus</span> <span class='ocrx_word' id='word_1_57' title='bbox 997 1479 1168 1559; x_wconf 85' lang='lat' dir='ltr'>undecIm,</span> <span class='ocrx_word' id='word_1_58' title='bbox 1191 1478 1293 1547; x_wconf 75' lang='lat' dir='ltr'>diebu·</span> 
     </span>
     <span class='ocr_line' id='line_1_12' title="bbox 263 1583 1293 1675; baseline 0.006 -28"><span class='ocrx_word' id='word_1_59' title='bbox 263 1584 473 1669; x_wconf 88' lang='lat' dir='ltr'>quindecim;</span> <span class='ocrx_word' id='word_1_60' title='bbox 491 1585 640 1650; x_wconf 91' lang='lat' dir='ltr'>cessauit</span> <span class='ocrx_word' id='word_1_61' title='bbox 661 1583 778 1650; x_wconf 90' lang='lat' dir='ltr'>diebus</span> <span class='ocrx_word' id='word_1_62' title='bbox 791 1586 966 1653; x_wconf 85' lang='lat' dir='ltr'>tredecim.</span> <span class='ocrx_word' id='word_1_63' title='bbox 984 1588 1049 1653; x_wconf 90' lang='lat' dir='ltr'>Hic</span> <span class='ocrx_word' id='word_1_64' title='bbox 1063 1608 1085 1653; x_wconf 85' lang='lat' dir='ltr'>a</span> <span class='ocrx_word' id='word_1_65' title='bbox 1097 1588 1215 1667; x_wconf 89' lang='lat' dir='ltr'>Petro,</span> <span class='ocrx_word' id='word_1_66' title='bbox 1234 1606 1293 1675; x_wconf 86' lang='lat' dir='ltr'>pre·</span> 
     </span>
     <span class='ocr_line' id='line_1_13' title="bbox 263 1690 1292 1779; baseline 0.004 -24"><span class='ocrx_word' id='word_1_67' title='bbox 263 1690 352 1757; x_wconf 82' lang='lat' dir='ltr'>secto</span> <span class='ocrx_word' id='word_1_68' title='bbox 367 1690 461 1757; x_wconf 90' lang='lat' dir='ltr'>urbis</span> <span class='ocrx_word' id='word_1_69' title='bbox 482 1692 587 1757; x_wconf 88' lang='lat' dir='ltr'>Rome</span> <span class='ocrx_word' id='word_1_70' title='bbox 602 1692 877 1779; x_wconf 86' lang='lat' dir='ltr'>comprehensus,</span> <span class='ocrx_word' id='word_1_71' title='bbox 895 1701 948 1762; x_wconf 87' lang='lat' dir='ltr'>est</span> <span class='ocrx_word' id='word_1_72' title='bbox 963 1695 999 1761; x_wconf 89' lang='lat' dir='ltr'>in</span> <span class='ocrx_word' id='word_1_73' title='bbox 1014 1693 1158 1761; x_wconf 86' lang='lat' dir='ltr'>castello</span> <span class='ocrx_word' id='word_1_74' title='bbox 1179 1692 1292 1761; x_wconf 83' lang='lat' dir='ltr'>Sancti-</span> 
     </span>
     <span class='ocr_line' id='line_1_14' title="bbox 261 1796 1291 1887; baseline 0.003 -26"><span class='ocrx_word' id='word_1_75' title='bbox 261 1797 384 1884; x_wconf 75' lang='lat' dir='ltr'>Augeli</span> <span class='ocrx_word' id='word_1_76' title='bbox 410 1796 588 1876; x_wconf 72' lang='lat' dir='ltr'>detrusus,</span> <span class='ocrx_word' id='word_1_77' title='bbox 611 1796 732 1864; x_wconf 89' lang='lat' dir='ltr'>deinde</span> <span class='ocrx_word' id='word_1_78' title='bbox 753 1800 787 1863; x_wconf 92' lang='lat' dir='ltr'>iu</span> <span class='ocrx_word' id='word_1_79' title='bbox 809 1799 949 1866; x_wconf 85' lang='lat' dir='ltr'>exilium</span> <span class='ocrx_word' id='word_1_80' title='bbox 973 1800 1100 1865; x_wconf 89' lang='lat' dir='ltr'>missus</span> <span class='ocrx_word' id='word_1_81' title='bbox 1115 1802 1152 1867; x_wconf 89' lang='lat' dir='ltr'>in</span> <span class='ocrx_word' id='word_1_82' title='bbox 1171 1799 1291 1887; x_wconf 79' lang='lat' dir='ltr'>Campe·</span> 
     </span>
     <span class='ocr_line' id='line_1_15' title="bbox 262 1903 1287 1991; baseline 0 -22"><span class='ocrx_word' id='word_1_83' title='bbox 262 1906 368 1983; x_wconf 89' lang='lat' dir='ltr'>niam,</span> <span class='ocrx_word' id='word_1_84' title='bbox 394 1903 440 1969; x_wconf 92' lang='lat' dir='ltr'>ibi</span> <span class='ocrx_word' id='word_1_85' title='bbox 457 1906 583 1971; x_wconf 86' lang='lat' dir='ltr'>mansit</span> <span class='ocrx_word' id='word_1_86' title='bbox 600 1925 661 1991; x_wconf 90' lang='lat' dir='ltr'>per</span> <span class='ocrx_word' id='word_1_87' title='bbox 682 1904 796 1970; x_wconf 89' lang='lat' dir='ltr'>decem</span> <span class='ocrx_word' id='word_1_88' title='bbox 811 1927 945 1973; x_wconf 88' lang='lat' dir='ltr'>menses</span> <span class='ocrx_word' id='word_1_89' title='bbox 964 1911 1000 1975; x_wconf 90' lang='lat' dir='ltr'>et</span> <span class='ocrx_word' id='word_1_90' title='bbox 1013 1906 1088 1973; x_wconf 88' lang='lat' dir='ltr'>dies</span> <span class='ocrx_word' id='word_1_91' title='bbox 1105 1906 1287 1977; x_wconf 72' lang='lat' dir='ltr'>octodecim</span> 
     </span>
     <span class='ocr_line' id='line_1_16' title="bbox 261 2012 1287 2103; baseline 0 -24"><span class='ocrx_word' id='word_1_92' title='bbox 261 2014 388 2079; x_wconf 82' lang='lat' dir='ltr'>Postea</span> <span class='ocrx_word' id='word_1_93' title='bbox 424 2032 582 2077; x_wconf 89' lang='lat' dir='ltr'>reuersus</span> <span class='ocrx_word' id='word_1_94' title='bbox 607 2020 660 2079; x_wconf 89' lang='lat' dir='ltr'>est</span> <span class='ocrx_word' id='word_1_95' title='bbox 689 2012 844 2091; x_wconf 85' lang='lat' dir='ltr'>Romam,</span> <span class='ocrx_word' id='word_1_96' title='bbox 877 2021 913 2081; x_wconf 89' lang='lat' dir='ltr'>et</span> <span class='ocrx_word' id='word_1_97' title='bbox 935 2013 977 2081; x_wconf 93' lang='lat' dir='ltr'>de</span> <span class='ocrx_word' id='word_1_98' title='bbox 1005 2014 1287 2103; x_wconf 79' lang='lat' dir='ltr'>persequutoribnr</span> 
     </span>
     <span class='ocr_line' id='line_1_17' title="bbox 261 2118 1285 2209; baseline 0 -24"><span class='ocrx_word' id='word_1_99' title='bbox 261 2121 333 2185; x_wconf 90' lang='lat' dir='ltr'>eius</span> <span class='ocrx_word' id='word_1_100' title='bbox 348 2118 485 2205; x_wconf 88' lang='lat' dir='ltr'>quidam</span> <span class='ocrx_word' id='word_1_101' title='bbox 504 2140 564 2205; x_wconf 92' lang='lat' dir='ltr'>per</span> <span class='ocrx_word' id='word_1_102' title='bbox 586 2118 747 2185; x_wconf 87' lang='lat' dir='ltr'>Octonem</span> <span class='ocrx_word' id='word_1_103' title='bbox 773 2121 1012 2207; x_wconf 79' lang='lat' dir='ltr'>imperatorem</span> <span class='ocrx_word' id='word_1_104' title='bbox 1038 2120 1285 2209; x_wconf 81' lang='lat' dir='ltr'>suspenduntur,</span> 
     </span>
     <span class='ocr_line' id='line_1_18' title="bbox 259 2227 1068 2315; baseline 0 -20"><span class='ocrx_word' id='word_1_105' title='bbox 259 2229 394 2315; x_wconf 87' lang='lat' dir='ltr'>quidam</span> <span class='ocrx_word' id='word_1_106' title='bbox 408 2228 632 2305; x_wconf 83' lang='lat' dir='ltr'>trucidentur,</span> <span class='ocrx_word' id='word_1_107' title='bbox 655 2227 795 2313; x_wconf 86' lang='lat' dir='ltr'>quidam</span> <span class='ocrx_word' id='word_1_108' title='bbox 810 2228 914 2293; x_wconf 80' lang='lat' dir='ltr'>exilio</span> <span class='ocrx_word' id='word_1_109' title='bbox 928 2228 1068 2295; x_wconf 86' lang='lat' dir='ltr'>dantur.</span> 
     </span>
     <span class='ocr_line' id='line_1_19' title="bbox 306 2333 1285 2421; baseline -0.006 -20"><span class='ocrx_word' id='word_1_110' title='bbox 306 2336 370 2401; x_wconf 89' lang='lat' dir='ltr'>Illo</span> <span class='ocrx_word' id='word_1_111' title='bbox 385 2341 537 2421; x_wconf 88' lang='lat' dir='ltr'>temporo</span> <span class='ocrx_word' id='word_1_112' title='bbox 552 2333 797 2412; x_wconf 76' lang='lat' dir='ltr'>tribulationie,</span> <span class='ocrx_word' id='word_1_113' title='bbox 812 2336 877 2402; x_wconf 91' lang='lat' dir='ltr'>iste</span> <span class='ocrx_word' id='word_1_114' title='bbox 894 2337 1077 2403; x_wconf 81' lang='lat' dir='ltr'>Austasius</span> <span class='ocrx_word' id='word_1_115' title='bbox 1089 2336 1285 2403; x_wconf 76' lang='lat' dir='ltr'>consecretur</span> 
     </span>
     <span class='ocr_line' id='line_1_20' title="bbox 263 2440 1285 2525; baseline 0.005 -20"><span class='ocrx_word' id='word_1_116' title='bbox 263 2440 345 2521; x_wconf 87' lang='lat' dir='ltr'>Init;</span> <span class='ocrx_word' id='word_1_117' title='bbox 362 2447 397 2508; x_wconf 90' lang='lat' dir='ltr'>et</span> <span class='ocrx_word' id='word_1_118' title='bbox 418 2442 566 2507; x_wconf 85' lang='lat' dir='ltr'>secunda</span> <span class='ocrx_word' id='word_1_119' title='bbox 580 2440 750 2507; x_wconf 87' lang='lat' dir='ltr'>dominica</span> <span class='ocrx_word' id='word_1_120' title='bbox 770 2442 811 2507; x_wconf 92' lang='lat' dir='ltr'>de</span> <span class='ocrx_word' id='word_1_121' title='bbox 825 2442 985 2510; x_wconf 74' lang='lat' dir='ltr'>Aduentu</span> <span class='ocrx_word' id='word_1_122' title='bbox 1008 2444 1143 2511; x_wconf 88' lang='lat' dir='ltr'>Domini</span> <span class='ocrx_word' id='word_1_123' title='bbox 1165 2458 1285 2525; x_wconf 78' lang='lat' dir='ltr'>suscep·</span> 
     </span>
     <span class='ocr_line' id='line_1_21' title="bbox 208 2544 1286 2635; baseline -0.003 -19"><span class='ocrx_word' id='word_1_124' title='bbox 208 2563 245 2621; x_wconf 71' lang='lat'>20</span> <span class='ocrx_word' id='word_1_125' title='bbox 261 2555 330 2625; x_wconf 88' lang='lat' dir='ltr'>tus,</span> <span class='ocrx_word' id='word_1_126' title='bbox 347 2550 435 2633; x_wconf 84' lang='lat' dir='ltr'>cepit</span> <span class='ocrx_word' id='word_1_127' title='bbox 456 2569 558 2635; x_wconf 80' lang='lat' dir='ltr'>agere</span> <span class='ocrx_word' id='word_1_128' title='bbox 573 2568 637 2632; x_wconf 87' lang='lat' dir='ltr'>que</span> <span class='ocrx_word' id='word_1_129' title='bbox 652 2548 709 2613; x_wconf 90' lang='lat' dir='ltr'>Dei</span> <span class='ocrx_word' id='word_1_130' title='bbox 735 2555 827 2614; x_wconf 90' lang='lat' dir='ltr'>sunt.</span> <span class='ocrx_word' id='word_1_131' title='bbox 852 2550 937 2617; x_wconf 83' lang='lat' dir='ltr'>Erat</span> <span class='ocrx_word' id='word_1_132' title='bbox 957 2550 1047 2615; x_wconf 91' lang='lat' dir='ltr'>enim</span> <span class='ocrx_word' id='word_1_133' title='bbox 1069 2552 1156 2617; x_wconf 89' lang='lat' dir='ltr'>mire</span> <span class='ocrx_word' id='word_1_134' title='bbox 1175 2544 1286 2615; x_wconf 49' lang='lat' dir='ltr'>sanc&amp;</span> 
     </span>
     <span class='ocr_line' id='line_1_22' title="bbox 260 2655 1284 2741; baseline 0 -17"><span class='ocrx_word' id='word_1_135' title='bbox 260 2658 345 2724; x_wconf 84' lang='lat' dir='ltr'>tatis</span> <span class='ocrx_word' id='word_1_136' title='bbox 373 2664 408 2723; x_wconf 88' lang='lat' dir='ltr'>et</span> <span class='ocrx_word' id='word_1_137' title='bbox 442 2655 661 2731; x_wconf 84' lang='lat' dir='ltr'>abstinentie,</span> <span class='ocrx_word' id='word_1_138' title='bbox 700 2655 893 2741; x_wconf 81' lang='lat' dir='ltr'>uigiliarum</span> <span class='ocrx_word' id='word_1_139' title='bbox 935 2662 1070 2723; x_wconf 85' lang='lat' dir='ltr'>amator</span> <span class='ocrx_word' id='word_1_140' title='bbox 1107 2656 1284 2724; x_wconf 81' lang='lat' dir='ltr'>continuus.</span> 
     </span>
     <span class='ocr_line' id='line_1_23' title="bbox 260 2758 1287 2847; baseline -0.003 -17"><span class='ocrx_word' id='word_1_141' title='bbox 260 2764 519 2830; x_wconf 85' lang='lat' dir='ltr'>elemosinarum</span> <span class='ocrx_word' id='word_1_142' title='bbox 563 2759 766 2827; x_wconf 86' lang='lat' dir='ltr'>distributor</span> <span class='ocrx_word' id='word_1_143' title='bbox 799 2760 1028 2847; x_wconf 80' lang='lat' dir='ltr'>largissImns,</span> <span class='ocrx_word' id='word_1_144' title='bbox 1075 2762 1224 2830; x_wconf 88' lang='lat' dir='ltr'>nutritor</span> <span class='ocrx_word' id='word_1_145' title='bbox 1257 2758 1287 2817; x_wconf 62' lang='grc' dir='ltr'>οἳ</span> 
     </span>
     <span class='ocr_line' id='line_1_24' title="bbox 260 2866 1295 2943; baseline -0.002 -8"><span class='ocrx_word' id='word_1_146' title='bbox 260 2870 378 2935; x_wconf 90' lang='lat' dir='ltr'>doctor</span> <span class='ocrx_word' id='word_1_147' title='bbox 393 2870 605 2943; x_wconf 80' lang='lat' dir='ltr'>clericorum,</span> <span class='ocrx_word' id='word_1_148' title='bbox 624 2868 812 2933; x_wconf 88' lang='lat' dir='ltr'>honoratur</span> <span class='ocrx_word' id='word_1_149' title='bbox 826 2874 861 2933; x_wconf 89' lang='lat' dir='ltr'>et</span> <span class='ocrx_word' id='word_1_150' title='bbox 876 2866 1035 2933; x_wconf 86' lang='lat' dir='ltr'>defensor</span> <span class='ocrx_word' id='word_1_151' title='bbox 1050 2870 1295 2935; x_wconf 81' lang='lat' dir='ltr'>canonimmn·</span> 
     </span>
     <span class='ocr_line' id='line_1_25' title="bbox 259 2956 1300 3062; baseline -0.004 -21"><span class='ocrx_word' id='word_1_152' title='bbox 259 2986 394 3045; x_wconf 88' lang='lat' dir='ltr'>amator</span> <span class='ocrx_word' id='word_1_153' title='bbox 440 2976 680 3041; x_wconf 86' lang='lat' dir='ltr'>monachorum</span> <span class='ocrx_word' id='word_1_154' title='bbox 721 2980 756 3041; x_wconf 87' lang='lat' dir='ltr'>et</span> <span class='ocrx_word' id='word_1_155' title='bbox 793 2976 950 3062; x_wconf 87' lang='lat' dir='ltr'>precipue</span> <span class='ocrx_word' id='word_1_156' title='bbox 986 2956 1300 3043; x_wconf 76' lang='lat' dir='ltr'>Sancti-Petri-t&#39;iui</span> 
     </span>
     <span class='ocr_line' id='line_1_26' title="bbox 260 3076 1308 3171; baseline -0.006 -20"><span class='ocrx_word' id='word_1_157' title='bbox 260 3106 343 3171; x_wconf 87' lang='lat' dir='ltr'>quus</span> <span class='ocrx_word' id='word_1_158' title='bbox 365 3084 546 3152; x_wconf 85' lang='lat' dir='ltr'>reuocabat</span> <span class='ocrx_word' id='word_1_159' title='bbox 572 3104 592 3147; x_wconf 90' lang='lat' dir='ltr'>a</span> <span class='ocrx_word' id='word_1_160' title='bbox 614 3082 824 3167; x_wconf 81' lang='lat' dir='ltr'>dispersione</span> <span class='ocrx_word' id='word_1_161' title='bbox 855 3080 1105 3148; x_wconf 75' lang='lat' dir='ltr'>Archembaudi</span> <span class='ocrx_word' id='word_1_162' title='bbox 1123 3085 1160 3149; x_wconf 86' lang='lat' dir='ltr'>et</span> <span class='ocrx_word' id='word_1_163' title='bbox 1184 3076 1308 3147; x_wconf 56' lang='lat' dir='ltr'>adu·</span> 
     </span>
     <span class='ocr_line' id='line_1_27' title="bbox 260 3180 1317 3275; baseline -0.006 -16"><span class='ocrx_word' id='word_1_164' title='bbox 260 3194 430 3259; x_wconf 88' lang='lat' dir='ltr'>tructione</span> <span class='ocrx_word' id='word_1_165' title='bbox 462 3190 645 3265; x_wconf 78' lang='lat' dir='ltr'>Nutranni,</span> <span class='ocrx_word' id='word_1_166' title='bbox 674 3189 821 3274; x_wconf 85' lang='lat' dir='ltr'>episcopi</span> <span class='ocrx_word' id='word_1_167' title='bbox 853 3188 1090 3267; x_wconf 78' lang='lat' dir='ltr'>NiuernensiS,</span> <span class='ocrx_word' id='word_1_168' title='bbox 1118 3188 1176 3275; x_wconf 85' lang='lat' dir='ltr'>qui</span> <span class='ocrx_word' id='word_1_169' title='bbox 1201 3180 1317 3253; x_wconf 48' lang='lat' dir='ltr'>abb&amp;</span> 
     </span>
     <span class='ocr_line' id='line_1_28' title="bbox 262 3292 1323 3381; baseline -0.005 -18"><span class='ocrx_word' id='word_1_170' title='bbox 262 3298 385 3363; x_wconf 85' lang='lat' dir='ltr'>Inerat.</span> <span class='ocrx_word' id='word_1_171' title='bbox 404 3300 487 3363; x_wconf 83' lang='lat' dir='ltr'>Erat</span> <span class='ocrx_word' id='word_1_172' title='bbox 498 3298 681 3361; x_wconf 73' lang='lat' dir='ltr'>Annianus</span> <span class='ocrx_word' id='word_1_173' title='bbox 694 3296 895 3362; x_wconf 67' lang='lat' dir='ltr'>inserentium</span> <span class='ocrx_word' id='word_1_174' title='bbox 911 3294 1108 3361; x_wconf 88' lang='lat' dir='ltr'>consolator</span> <span class='ocrx_word' id='word_1_175' title='bbox 1117 3292 1323 3381; x_wconf 79' lang='lat' dir='ltr'>piissimu⁵·</span> 
     </span>
     <span class='ocr_line' id='line_1_29' title="bbox 260 3376 1333 3489; baseline -0.002 -22"><span class='ocrx_word' id='word_1_176' title='bbox 260 3424 457 3489; x_wconf 80' lang='lat' dir='ltr'>pauperum,</span> <span class='ocrx_word' id='word_1_177' title='bbox 482 3402 709 3487; x_wconf 71' lang='lat' dir='ltr'>orpdinnoruru</span> <span class='ocrx_word' id='word_1_178' title='bbox 733 3405 768 3466; x_wconf 86' lang='lat' dir='ltr'>et</span> <span class='ocrx_word' id='word_1_179' title='bbox 781 3398 959 3467; x_wconf 81' lang='lat' dir='ltr'>viduarum</span> <span class='ocrx_word' id='word_1_180' title='bbox 975 3412 1074 3487; x_wconf 84' lang='lat' dir='ltr'>pater</span> <span class='ocrx_word' id='word_1_181' title='bbox 1090 3400 1257 3475; x_wconf 80' lang='lat' dir='ltr'>humilis;</span> <span class='ocrx_word' id='word_1_182' title='bbox 1282 3376 1333 3445; x_wconf 41' lang='lat'>0¹</span> 
     </span>
     <span class='ocr_line' id='line_1_30' title="bbox 260 3498 1334 3599; baseline -0.005 -22"><span class='ocrx_word' id='word_1_183' title='bbox 260 3514 354 3579; x_wconf 83' lang='lat' dir='ltr'>utilis</span> <span class='ocrx_word' id='word_1_184' title='bbox 368 3522 569 3599; x_wconf 87' lang='lat' dir='ltr'>procurator</span> <span class='ocrx_word' id='word_1_185' title='bbox 583 3532 643 3597; x_wconf 87' lang='lat' dir='ltr'>pro</span> <span class='ocrx_word' id='word_1_186' title='bbox 658 3509 813 3575; x_wconf 87' lang='lat' dir='ltr'>omnibns</span> <span class='ocrx_word' id='word_1_187' title='bbox 829 3510 871 3573; x_wconf 90' lang='lat' dir='ltr'>do</span> <span class='ocrx_word' id='word_1_188' title='bbox 886 3530 989 3597; x_wconf 79' lang='lat' dir='ltr'>grege</span> <span class='ocrx_word' id='word_1_189' title='bbox 1010 3532 1071 3576; x_wconf 88' lang='lat' dir='ltr'>suo</span> <span class='ocrx_word' id='word_1_190' title='bbox 1091 3516 1128 3580; x_wconf 90' lang='lat' dir='ltr'>et</span> <span class='ocrx_word' id='word_1_191' title='bbox 1149 3498 1334 3577; x_wconf 65' lang='lat' dir='ltr'>omninu*</span> 
     </span>
     <span class='ocr_line' id='line_1_31' title="bbox 206 3608 1334 3707; baseline 0.006 -28"><span class='ocrx_word' id='word_1_192' title='bbox 206 3620 243 3681; x_wconf 81' lang='lat'>30</span> <span class='ocrx_word' id='word_1_193' title='bbox 259 3619 301 3684; x_wconf 89' lang='lat' dir='ltr'>ad</span> <span class='ocrx_word' id='word_1_194' title='bbox 318 3640 354 3683; x_wconf 78' lang='lat' dir='ltr'>se</span> <span class='ocrx_word' id='word_1_195' title='bbox 375 3640 436 3705; x_wconf 89' lang='lat' dir='ltr'>pro</span> <span class='ocrx_word' id='word_1_196' title='bbox 461 3620 664 3685; x_wconf 81' lang='lat' dir='ltr'>necessitate</span> <span class='ocrx_word' id='word_1_197' title='bbox 688 3618 1018 3703; x_wconf 69' lang='lat' dir='ltr'>superuenientibuS,</span> <span class='ocrx_word' id='word_1_198' title='bbox 1036 3638 1153 3685; x_wconf 83' lang='lat' dir='ltr'>curam</span> <span class='ocrx_word' id='word_1_199' title='bbox 1165 3636 1245 3707; x_wconf 78' lang='lat' dir='ltr'>rege</span> <span class='ocrx_word' id='word_1_200' title='bbox 1292 3608 1334 3655; x_wconf 58' lang='grc' dir='ltr'>Β</span> 
     </span>
     <span class='ocr_line' id='line_1_32' title="bbox 258 3714 1334 3815; baseline 0.006 -28"><span class='ocrx_word' id='word_1_201' title='bbox 258 3726 465 3813; x_wconf 80' lang='lat' dir='ltr'>principibus</span> <span class='ocrx_word' id='word_1_202' title='bbox 483 3746 519 3791; x_wconf 86' lang='lat' dir='ltr'>se</span> <span class='ocrx_word' id='word_1_203' title='bbox 540 3724 698 3813; x_wconf 84' lang='lat' dir='ltr'>ponebat,</span> <span class='ocrx_word' id='word_1_204' title='bbox 722 3746 788 3789; x_wconf 91' lang='lat' dir='ltr'>non</span> <span class='ocrx_word' id='word_1_205' title='bbox 807 3726 933 3792; x_wconf 88' lang='lat' dir='ltr'>timens</span> <span class='ocrx_word' id='word_1_206' title='bbox 952 3726 1126 3795; x_wconf 81' lang='lat' dir='ltr'>homiuum</span> <span class='ocrx_word' id='word_1_207' title='bbox 1152 3714 1334 3815; x_wconf 62' lang='lat' dir='ltr'>potostss</span> 
     </span>
     <span class='ocr_line' id='line_1_33' title="bbox 258 3831 1099 3924; baseline 0.002 -23"><span class='ocrx_word' id='word_1_208' title='bbox 258 3840 339 3911; x_wconf 87' lang='lat' dir='ltr'>tem,</span> <span class='ocrx_word' id='word_1_209' title='bbox 363 3832 500 3919; x_wconf 88' lang='lat' dir='ltr'>cupiens</span> <span class='ocrx_word' id='word_1_210' title='bbox 525 3831 612 3919; x_wconf 88' lang='lat' dir='ltr'>quod</span> <span class='ocrx_word' id='word_1_211' title='bbox 637 3832 689 3898; x_wconf 87' lang='lat' dir='ltr'>sui</span> <span class='ocrx_word' id='word_1_212' title='bbox 714 3834 881 3901; x_wconf 89' lang='lat' dir='ltr'>intererat</span> <span class='ocrx_word' id='word_1_213' title='bbox 902 3834 1099 3924; x_wconf 86' lang='lat' dir='ltr'>adimplere.</span> 
     </span>
    </p>
   </div>
   <div class='ocr_carea' id='block_1_3' title="bbox 0 0 1464 5046">
    <p class='ocr_par' dir='ltr' id='par_1_3' title="bbox 0 0 1464 5046">
     <span class='ocr_line' id='line_1_34' title="bbox 0 0 1464 5046; baseline 0 2"><span class='ocrx_word' id='word_1_214' title='bbox 0 0 1464 5046; x_wconf 95' lang='lat' dir='ltr'> </span> 
     </span>
    </p>
   </div>
  </div>
 </body>
</html>
