<?xml version="1.0" encoding="UTF-8"?>
<!DOCTYPE html PUBLIC "-//W3C//DTD XHTML 1.0 Transitional//EN"
    "http://www.w3.org/TR/xhtml1/DTD/xhtml1-transitional.dtd">
<html xmlns="http://www.w3.org/1999/xhtml" xml:lang="en" lang="en">
 <head>
  <title>
</title>
<meta http-equiv="Content-Type" content="text/html;charset=utf-8" />
  <meta name='ocr-system' content='tesseract 3.04.00' />
  <meta name='ocr-capabilities' content='ocr_page ocr_carea ocr_par ocr_line ocrx_word'/>
</head>
<body>
  <div class='ocr_page' id='page_1' title='image "./chroniquedelabb00fragoog_0420.png"; bbox 0 0 2970 5430; ppageno 0'>
   <div class='ocr_carea' id='block_1_1' title="bbox 278 502 1297 682">
    <p class='ocr_par' dir='ltr' id='par_1_1' title="bbox 278 502 1297 682">
     <span class='ocr_line' id='line_1_1' title="bbox 278 502 1297 593; baseline 0.001 -17"><span class='ocrx_word' id='word_1_1' title='bbox 278 506 494 593; x_wconf 81' lang='lat' dir='ltr'><strong>Composuit:</strong></span> <span class='ocrx_word' id='word_1_2' title='bbox 513 534 529 563; x_wconf 68' lang='lat' dir='ltr'><em>a</em></span> <span class='ocrx_word' id='word_1_3' title='bbox 546 504 677 575; x_wconf 82' lang='lat' dir='ltr'><strong>Chorus</strong></span> <span class='ocrx_word' id='word_1_4' title='bbox 690 524 778 573; x_wconf 88' lang='lat' dir='ltr'><strong>noue</strong></span> <span class='ocrx_word' id='word_1_5' title='bbox 790 504 1011 585; x_wconf 72' lang='lat' dir='ltr'><strong>iherusalem,</strong></span> <span class='ocrx_word' id='word_1_6' title='bbox 1025 502 1138 593; x_wconf 80' lang='lat' dir='ltr'><strong>stirpe</strong></span> <span class='ocrx_word' id='word_1_7' title='bbox 1157 504 1297 589; x_wconf 59' lang='lat' dir='ltr'><strong>lennem</strong></span> 
     </span>
     <span class='ocr_line' id='line_1_2' title="bbox 279 613 581 682; baseline -0.01 0"><span class='ocrx_word' id='word_1_8' title='bbox 279 614 390 682; x_wconf 89' lang='lat' dir='ltr'><strong>Solem</strong></span> <span class='ocrx_word' id='word_1_9' title='bbox 404 613 548 682; x_wconf 80' lang='lat' dir='ltr'><strong>iusticie.</strong></span> <span class='ocrx_word' id='word_1_10' title='bbox 565 643 581 671; x_wconf 72' lang='lat' dir='ltr'>n</span> 
     </span>
    </p>
   </div>
   <div class='ocr_carea' id='block_1_2' title="bbox 280 824 1299 913">
    <p class='ocr_par' dir='ltr' id='par_1_2' title="bbox 280 824 1299 913">
     <span class='ocr_line' id='line_1_3' title="bbox 280 824 1299 913; baseline -0.001 -17"><span class='ocrx_word' id='word_1_11' title='bbox 280 831 324 896; x_wconf 84' lang='lat' dir='ltr'><strong>De</strong></span> <span class='ocrx_word' id='word_1_12' title='bbox 333 840 447 899; x_wconf 76' lang='lat' dir='ltr'><strong>sancto</strong></span> <span class='ocrx_word' id='word_1_13' title='bbox 462 826 622 904; x_wconf 79' lang='lat' dir='ltr'><strong>Idenrico,</strong></span> <span class='ocrx_word' id='word_1_14' title='bbox 641 826 853 913; x_wconf 78' lang='lat' dir='ltr'><strong>Imperatore,</strong></span> <span class='ocrx_word' id='word_1_15' title='bbox 877 836 910 894; x_wconf 82' lang='lat' dir='ltr'><strong>et</strong></span> <span class='ocrx_word' id='word_1_16' title='bbox 926 846 1035 899; x_wconf 64' lang='lat' dir='ltr'><strong>umore</strong></span> <span class='ocrx_word' id='word_1_17' title='bbox 1052 846 1145 909; x_wconf 68' lang='grc' dir='ltr'><strong>ωας</strong></span> <span class='ocrx_word' id='word_1_18' title='bbox 1170 825 1212 894; x_wconf 78' lang='lat' dir='ltr'><strong>de</strong></span> <span class='ocrx_word' id='word_1_19' title='bbox 1225 824 1299 895; x_wconf 71' lang='lat' dir='ltr'><strong>dunt</strong></span> 
     </span>
    </p>
   </div>
   <div class='ocr_carea' id='block_1_3' title="bbox 224 1040 1347 1859">
    <p class='ocr_par' dir='ltr' id='par_1_3' title="bbox 277 1040 1307 1667">
     <span class='ocr_line' id='line_1_4' title="bbox 324 1040 1302 1131; baseline 0.002 -24"><span class='ocrx_word' id='word_1_20' title='bbox 324 1041 490 1109; x_wconf 85' lang='lat' dir='ltr'><strong>Henrieus</strong></span> <span class='ocrx_word' id='word_1_21' title='bbox 507 1044 536 1122; x_wconf 89' lang='lat'><strong>1,</strong></span> <span class='ocrx_word' id='word_1_22' title='bbox 552 1063 641 1110; x_wconf 78' lang='lat' dir='ltr'><strong>anuo</strong></span> <span class='ocrx_word' id='word_1_23' title='bbox 657 1043 790 1111; x_wconf 88' lang='lat' dir='ltr'>Domini</span> <span class='ocrx_word' id='word_1_24' title='bbox 806 1042 986 1109; x_wconf 86' lang='lat' dir='ltr'><strong>millesimo</strong></span> <span class='ocrx_word' id='word_1_25' title='bbox 1004 1040 1123 1111; x_wconf 76' lang='lat' dir='ltr'><strong>tertio.</strong></span> <span class='ocrx_word' id='word_1_26' title='bbox 1147 1076 1193 1093; x_wconf 91' lang='lat'><em>-</em></span> <span class='ocrx_word' id='word_1_27' title='bbox 1205 1040 1302 1131; x_wconf 73' lang='lat' dir='ltr'><em>Inpe-</em></span> 
     </span>
     <span class='ocr_line' id='line_1_5' title="bbox 280 1147 1303 1237; baseline 0.002 -22"><span class='ocrx_word' id='word_1_28' title='bbox 280 1150 372 1217; x_wconf 83' lang='lat' dir='ltr'><strong>reuit</strong></span> <span class='ocrx_word' id='word_1_29' title='bbox 387 1150 487 1215; x_wconf 79' lang='lat' dir='ltr'><strong>annis</strong></span> <span class='ocrx_word' id='word_1_30' title='bbox 506 1149 693 1217; x_wconf 82' lang='lat' dir='ltr'><strong>duodecim.</strong></span> <span class='ocrx_word' id='word_1_31' title='bbox 715 1150 779 1216; x_wconf 82' lang='lat'><em>1110</em></span> <span class='ocrx_word' id='word_1_32' title='bbox 802 1153 966 1237; x_wconf 82' lang='lat' dir='ltr'><strong>tempore,</strong></span> <span class='ocrx_word' id='word_1_33' title='bbox 990 1147 1074 1216; x_wconf 79' lang='lat' dir='ltr'><strong>luue</strong></span> <span class='ocrx_word' id='word_1_34' title='bbox 1090 1150 1303 1219; x_wconf 74' lang='lat' dir='ltr'><strong>uemutu</strong></span> 
     </span>
     <span class='ocr_line' id='line_1_6' title="bbox 279 1254 1305 1347; baseline 0.006 -27"><span class='ocrx_word' id='word_1_35' title='bbox 279 1257 489 1343; x_wconf 82' lang='lat' dir='ltr'><strong>sanguinem.</strong></span> <span class='ocrx_word' id='word_1_36' title='bbox 503 1256 631 1325; x_wconf 83' lang='lat' dir='ltr'><strong>Habuit</strong></span> <span class='ocrx_word' id='word_1_37' title='bbox 646 1276 786 1324; x_wconf 81' lang='lat' dir='ltr'><strong>uxorem</strong></span> <span class='ocrx_word' id='word_1_38' title='bbox 797 1278 806 1336; x_wconf 89' lang='lat'>;</span> <span class='ocrx_word' id='word_1_39' title='bbox 819 1255 878 1323; x_wconf 87' lang='lat' dir='ltr'><strong>sed</strong></span> <span class='ocrx_word' id='word_1_40' title='bbox 885 1254 983 1323; x_wconf 87' lang='lat' dir='ltr'><strong>ambo</strong></span> <span class='ocrx_word' id='word_1_41' title='bbox 991 1256 1148 1345; x_wconf 73' lang='lat' dir='ltr'><strong>uirgines</strong></span> <span class='ocrx_word' id='word_1_42' title='bbox 1158 1276 1305 1347; x_wconf 81' lang='lat' dir='ltr'><strong>permu-</strong></span> 
     </span>
     <span class='ocr_line' id='line_1_7' title="bbox 278 1362 1306 1452; baseline 0.008 -25"><span class='ocrx_word' id='word_1_43' title='bbox 278 1366 409 1431; x_wconf 85' lang='lat' dir='ltr'><strong>eerunt.</strong></span> <span class='ocrx_word' id='word_1_44' title='bbox 425 1363 510 1451; x_wconf 74' lang='lat' dir='ltr'><strong>Regi</strong></span> <span class='ocrx_word' id='word_1_45' title='bbox 526 1364 766 1451; x_wconf 82' lang='lat' dir='ltr'><strong>ngariorum,</strong></span> <span class='ocrx_word' id='word_1_46' title='bbox 783 1362 967 1452; x_wconf 81' lang='lat' dir='ltr'><strong>Stephano,</strong></span> <span class='ocrx_word' id='word_1_47' title='bbox 980 1382 1135 1431; x_wconf 78' lang='lat' dir='ltr'><strong>sororem</strong></span> <span class='ocrx_word' id='word_1_48' title='bbox 1147 1384 1242 1433; x_wconf 77' lang='lat' dir='ltr'><strong>uuum</strong></span> <span class='ocrx_word' id='word_1_49' title='bbox 1254 1364 1306 1435; x_wconf 76' lang='lat' dir='ltr'><strong>‹b-</strong></span> 
     </span>
     <span class='ocr_line' id='line_1_8' title="bbox 278 1456 1304 1561; baseline 0.007 -27"><span class='ocrx_word' id='word_1_50' title='bbox 278 1467 345 1549; x_wconf 88' lang='lat' dir='ltr'><strong>dit;</strong></span> <span class='ocrx_word' id='word_1_51' title='bbox 360 1475 395 1537; x_wconf 88' lang='lat' dir='ltr'><strong>et</strong></span> <span class='ocrx_word' id='word_1_52' title='bbox 404 1469 513 1557; x_wconf 83' lang='lat' dir='ltr'><strong>ipsum</strong></span> <span class='ocrx_word' id='word_1_53' title='bbox 527 1456 734 1558; x_wconf 81' lang='lat' dir='ltr'><strong>Stephenum</strong></span> <span class='ocrx_word' id='word_1_54' title='bbox 745 1470 788 1539; x_wconf 89' lang='lat' dir='ltr'><strong>ad</strong></span> <span class='ocrx_word' id='word_1_55' title='bbox 801 1470 901 1537; x_wconf 89' lang='lat' dir='ltr'><strong>fldem</strong></span> <span class='ocrx_word' id='word_1_56' title='bbox 917 1470 1101 1551; x_wconf 75' lang='lat' dir='ltr'><strong>conuertit,</strong></span> <span class='ocrx_word' id='word_1_57' title='bbox 1116 1474 1157 1541; x_wconf 87' lang='lat' dir='ltr'><strong>ut</strong></span> <span class='ocrx_word' id='word_1_58' title='bbox 1170 1470 1304 1561; x_wconf 71' lang='lat' dir='ltr'><strong>predixi,</strong></span> 
     </span>
     <span class='ocr_line' id='line_1_9' title="bbox 277 1575 1307 1667; baseline 0.007 -26"><span class='ocrx_word' id='word_1_59' title='bbox 277 1575 578 1663; x_wconf 86' lang='lat' dir='ltr'><strong>Xpistienieeimus</strong></span> <span class='ocrx_word' id='word_1_60' title='bbox 598 1578 664 1647; x_wconf 87' lang='lat' dir='ltr'><strong>suit</strong></span> <span class='ocrx_word' id='word_1_61' title='bbox 683 1583 719 1646; x_wconf 92' lang='lat' dir='ltr'><strong>et</strong></span> <span class='ocrx_word' id='word_1_62' title='bbox 737 1578 953 1645; x_wconf 84' lang='lat' dir='ltr'><strong>uictoriosus.</strong></span> <span class='ocrx_word' id='word_1_63' title='bbox 973 1577 1216 1667; x_wconf 77' lang='lat' dir='ltr'><strong>Episcopatum</strong></span> <span class='ocrx_word' id='word_1_64' title='bbox 1237 1580 1307 1647; x_wconf 80' lang='lat' dir='ltr'><strong>Bur·</strong></span> 
     </span>
    </p>

    <p class='ocr_par' dir='ltr' id='par_1_4' title="bbox 224 1681 1347 1859">
     <span class='ocr_line' id='line_1_10' title="bbox 224 1681 1347 1770; baseline 0.004 -21"><span class='ocrx_word' id='word_1_65' title='bbox 224 1694 258 1750; x_wconf 78' lang='grc' dir='ltr'><strong>ιο</strong></span> <span class='ocrx_word' id='word_1_66' title='bbox 277 1681 473 1770; x_wconf 82' lang='lat' dir='ltr'><strong>bergensem</strong></span> <span class='ocrx_word' id='word_1_67' title='bbox 497 1683 667 1763; x_wconf 80' lang='lat' dir='ltr'><strong>fundauit,</strong></span> <span class='ocrx_word' id='word_1_68' title='bbox 689 1683 748 1751; x_wconf 92' lang='lat' dir='ltr'><strong>ubi</strong></span> <span class='ocrx_word' id='word_1_69' title='bbox 768 1684 951 1770; x_wconf 78' lang='lat' dir='ltr'><strong>requiescit</strong></span> <span class='ocrx_word' id='word_1_70' title='bbox 976 1702 1054 1751; x_wconf 84' lang='lat' dir='ltr'><strong>eum</strong></span> <span class='ocrx_word' id='word_1_71' title='bbox 1072 1704 1194 1767; x_wconf 81' lang='lat' dir='ltr'><strong>uxore,</strong></span> <span class='ocrx_word' id='word_1_72' title='bbox 1213 1686 1307 1753; x_wconf 76' lang='lat' dir='ltr'><strong>uuirt·</strong></span> <span class='ocrx_word' id='word_1_73' title='bbox 1343 1684 1347 1739; x_wconf 79' lang='lat' dir='ltr'><strong>i</strong></span> 
     </span>
     <span class='ocr_line' id='line_1_11' title="bbox 275 1789 622 1859; baseline 0.006 -4"><span class='ocrx_word' id='word_1_74' title='bbox 275 1790 360 1857; x_wconf 88' lang='lat' dir='ltr'><strong>culis</strong></span> <span class='ocrx_word' id='word_1_75' title='bbox 377 1789 622 1859; x_wconf 82' lang='lat' dir='ltr'><strong>choruscendo.</strong></span> 
     </span>
    </p>
   </div>
   <div class='ocr_carea' id='block_1_4' title="bbox 431 2002 1172 2092">
    <p class='ocr_par' dir='ltr' id='par_1_5' title="bbox 431 2002 1172 2092">
     <span class='ocr_line' id='line_1_12' title="bbox 431 2002 1172 2092; baseline 0 -19"><span class='ocrx_word' id='word_1_76' title='bbox 431 2008 475 2073; x_wconf 82' lang='lat' dir='ltr'><strong>De</strong></span> <span class='ocrx_word' id='word_1_77' title='bbox 486 2017 594 2075; x_wconf 80' lang='lat' dir='ltr'><strong>morte</strong></span> <span class='ocrx_word' id='word_1_78' title='bbox 604 2018 636 2074; x_wconf 79' lang='lat' dir='ltr'><strong>et</strong></span> <span class='ocrx_word' id='word_1_79' title='bbox 647 2004 818 2092; x_wconf 76' lang='lat' dir='ltr'><strong>sepulture</strong></span> <span class='ocrx_word' id='word_1_80' title='bbox 829 2003 978 2071; x_wconf 75' lang='lat' dir='ltr'><strong>Arrardi</strong></span> <span class='ocrx_word' id='word_1_81' title='bbox 986 2002 1172 2073; x_wconf 76' lang='lat' dir='ltr'><strong>Trecemu&#39;e.</strong></span> 
     </span>
    </p>
   </div>
   <div class='ocr_carea' id='block_1_5' title="bbox 274 2219 1347 2525">
    <p class='ocr_par' dir='ltr' id='par_1_6' title="bbox 274 2219 1347 2525">
     <span class='ocr_line' id='line_1_13' title="bbox 319 2219 1347 2308; baseline -0.001 -18"><span class='ocrx_word' id='word_1_82' title='bbox 319 2228 418 2290; x_wconf 83' lang='lat' dir='ltr'><strong>Anno</strong></span> <span class='ocrx_word' id='word_1_83' title='bbox 433 2224 565 2290; x_wconf 89' lang='lat' dir='ltr'>Domini</span> <span class='ocrx_word' id='word_1_84' title='bbox 581 2222 757 2288; x_wconf 88' lang='lat' dir='ltr'><strong>millesimo</strong></span> <span class='ocrx_word' id='word_1_85' title='bbox 773 2224 907 2308; x_wconf 84' lang='lat' dir='ltr'><strong>quarto,</strong></span> <span class='ocrx_word' id='word_1_86' title='bbox 925 2219 1010 2289; x_wconf 90' lang='lat' dir='ltr'><strong>obiit</strong></span> <span class='ocrx_word' id='word_1_87' title='bbox 1022 2219 1209 2301; x_wconf 80' lang='lat' dir='ltr'><strong>Adruldue,</strong></span> <span class='ocrx_word' id='word_1_88' title='bbox 1233 2222 1303 2289; x_wconf 76' lang='lat' dir='ltr'><em>&#39;In-</em></span> <span class='ocrx_word' id='word_1_89' title='bbox 1344 2252 1347 2281; x_wconf 77' lang='grc' dir='ltr'>ι</span> 
     </span>
     <span class='ocr_line' id='line_1_14' title="bbox 275 2302 1347 2417; baseline -0.002 -20"><span class='ocrx_word' id='word_1_90' title='bbox 275 2332 387 2397; x_wconf 87' lang='lat' dir='ltr'><strong>censis</strong></span> <span class='ocrx_word' id='word_1_91' title='bbox 399 2331 681 2409; x_wconf 78' lang='lat' dir='ltr'><strong>archidiaconue3</strong></span> <span class='ocrx_word' id='word_1_92' title='bbox 707 2330 742 2396; x_wconf 91' lang='lat' dir='ltr'><strong>in</strong></span> <span class='ocrx_word' id='word_1_93' title='bbox 757 2327 896 2396; x_wconf 83' lang='lat' dir='ltr'><strong>cenobio</strong></span> <span class='ocrx_word' id='word_1_94' title='bbox 914 2327 1218 2417; x_wconf 73' lang='lat' dir='ltr'><strong>Sancti-sepulcri,</strong></span> <span class='ocrx_word' id='word_1_95' title='bbox 1231 2324 1302 2417; x_wconf 78' lang='lat' dir='ltr'><strong>quud</strong></span> <span class='ocrx_word' id='word_1_96' title='bbox 1344 2302 1347 2361; x_wconf 46' lang='grc' dir='ltr'>ε</span> 
     </span>
     <span class='ocr_line' id='line_1_15' title="bbox 274 2438 671 2525; baseline 0.003 -24"><span class='ocrx_word' id='word_1_97' title='bbox 274 2439 477 2517; x_wconf 81' lang='lat' dir='ltr'>construxit,</span> <span class='ocrx_word' id='word_1_98' title='bbox 497 2438 671 2525; x_wconf 86' lang='lat' dir='ltr'><strong>sepelitur.</strong></span> 
     </span>
    </p>
   </div>
   <div class='ocr_carea' id='block_1_6' title="bbox 530 2646 1058 2717">
    <p class='ocr_par' dir='ltr' id='par_1_7' title="bbox 530 2646 1058 2717">
     <span class='ocr_line' id='line_1_16' title="bbox 530 2646 1058 2717; baseline -0.004 0"><span class='ocrx_word' id='word_1_99' title='bbox 530 2652 574 2717; x_wconf 84' lang='lat' dir='ltr'><strong>De</strong></span> <span class='ocrx_word' id='word_1_100' title='bbox 584 2650 708 2717; x_wconf 80' lang='lat' dir='ltr'><em>Sancto</em></span> <span class='ocrx_word' id='word_1_101' title='bbox 730 2646 873 2715; x_wconf 78' lang='lat' dir='ltr'><strong>Gilderto</strong></span> <span class='ocrx_word' id='word_1_102' title='bbox 887 2646 1058 2715; x_wconf 69' lang='lat' dir='ltr'><strong>diuidenti</strong></span> 
     </span>
    </p>
   </div>
   <div class='ocr_carea' id='block_1_7' title="bbox 272 2870 1301 3067">
    <p class='ocr_par' dir='ltr' id='par_1_8' title="bbox 272 2870 1301 3067">
     <span class='ocr_line' id='line_1_17' title="bbox 317 2870 1301 2961; baseline 0.002 -24"><span class='ocrx_word' id='word_1_103' title='bbox 317 2872 381 2938; x_wconf 88' lang='lat' dir='ltr'><strong>illo</strong></span> <span class='ocrx_word' id='word_1_104' title='bbox 396 2876 560 2960; x_wconf 84' lang='lat' dir='ltr'><strong>tempore,</strong></span> <span class='ocrx_word' id='word_1_105' title='bbox 576 2873 738 2961; x_wconf 81' lang='lat' dir='ltr'><strong>migrauit</strong></span> <span class='ocrx_word' id='word_1_106' title='bbox 756 2870 799 2938; x_wconf 86' lang='lat' dir='ltr'><strong>ad</strong></span> <span class='ocrx_word' id='word_1_107' title='bbox 820 2870 980 2959; x_wconf 84' lang='lat' dir='ltr'><strong>Xpietum</strong></span> <span class='ocrx_word' id='word_1_108' title='bbox 998 2874 1140 2941; x_wconf 74' lang='lat' dir='ltr'><strong>sanetus</strong></span> <span class='ocrx_word' id='word_1_109' title='bbox 1152 2870 1301 2941; x_wconf 67' lang='lat' dir='ltr'><strong>Giilebeu</strong></span> 
     </span>
     <span class='ocr_line' id='line_1_18' title="bbox 272 2978 741 3067; baseline -0.004 -21"><span class='ocrx_word' id='word_1_110' title='bbox 272 2983 340 3057; x_wconf 88' lang='lat' dir='ltr'><strong>tus,</strong></span> <span class='ocrx_word' id='word_1_111' title='bbox 356 2978 540 3046; x_wconf 84' lang='lat' dir='ltr'><strong>Meldensie</strong></span> <span class='ocrx_word' id='word_1_112' title='bbox 553 2981 741 3067; x_wconf 80' lang='lat' dir='ltr'><strong>episeopus.</strong></span> 
     </span>
    </p>
   </div>
   <div class='ocr_carea' id='block_1_8' title="bbox 549 3186 1020 3279">
    <p class='ocr_par' dir='ltr' id='par_1_9' title="bbox 549 3186 1020 3279">
     <span class='ocr_line' id='line_1_19' title="bbox 549 3186 1020 3279; baseline -0.011 -18"><span class='ocrx_word' id='word_1_113' title='bbox 549 3197 594 3261; x_wconf 85' lang='lat' dir='ltr'><strong>De</strong></span> <span class='ocrx_word' id='word_1_114' title='bbox 607 3192 758 3262; x_wconf 73' lang='lat' dir='ltr'><em>Iohanne</em></span> <span class='ocrx_word' id='word_1_115' title='bbox 769 3210 861 3279; x_wconf 82' lang='lat' dir='ltr'><strong><em>papa</em></strong></span> <span class='ocrx_word' id='word_1_116' title='bbox 874 3188 913 3257; x_wconf 85' lang='grc' dir='ltr'><em>Χ</em></span> <span class='ocrx_word' id='word_1_117' title='bbox 920 3186 1020 3258; x_wconf 86' lang='lat' dir='ltr'><em>VIII.</em></span> 
     </span>
    </p>
   </div>
   <div class='ocr_carea' id='block_1_9' title="bbox 219 3402 1304 3687">
    <p class='ocr_par' dir='ltr' id='par_1_10' title="bbox 219 3402 1304 3687">
     <span class='ocr_line' id='line_1_20' title="bbox 219 3402 1302 3495; baseline 0.006 -26"><span class='ocrx_word' id='word_1_118' title='bbox 219 3414 253 3470; x_wconf 80' lang='lat'><strong>‘20</strong></span> <span class='ocrx_word' id='word_1_119' title='bbox 315 3406 439 3473; x_wconf 83' lang='lat' dir='ltr'><strong>Eodem</strong></span> <span class='ocrx_word' id='word_1_120' title='bbox 455 3413 618 3495; x_wconf 84' lang='lat' dir='ltr'><strong>tempore,</strong></span> <span class='ocrx_word' id='word_1_121' title='bbox 633 3406 802 3473; x_wconf 82' lang='lat' dir='ltr'><strong>Iohannes</strong></span> <span class='ocrx_word' id='word_1_122' title='bbox 812 3404 944 3483; x_wconf 88' lang='lat' dir='ltr'><em>XVIII,</em></span> <span class='ocrx_word' id='word_1_123' title='bbox 964 3402 1153 3473; x_wconf 74' lang='lat' dir='ltr'><strong>Romanus.</strong></span> <span class='ocrx_word' id='word_1_124' title='bbox 1166 3402 1302 3475; x_wconf 76' lang='lat' dir='ltr'><strong>-Sedii</strong></span> 
     </span>
     <span class='ocr_line' id='line_1_21' title="bbox 271 3512 1304 3602; baseline 0.004 -23"><span class='ocrx_word' id='word_1_125' title='bbox 271 3513 441 3580; x_wconf 88' lang='lat' dir='ltr'><strong>mensibus</strong></span> <span class='ocrx_word' id='word_1_126' title='bbox 453 3517 611 3602; x_wconf 88' lang='lat' dir='ltr'><strong>quinque,</strong></span> <span class='ocrx_word' id='word_1_127' title='bbox 628 3514 746 3580; x_wconf 84' lang='lat' dir='ltr'><strong>diebus</strong></span> <span class='ocrx_word' id='word_1_128' title='bbox 761 3515 907 3600; x_wconf 89' lang='lat' dir='ltr'><strong>quinque</strong></span> <span class='ocrx_word' id='word_1_129' title='bbox 932 3516 968 3579; x_wconf 87' lang='lat' dir='ltr'><strong>et</strong></span> <span class='ocrx_word' id='word_1_130' title='bbox 989 3512 1138 3594; x_wconf 81' lang='lat' dir='ltr'><strong>uiuenti;</strong></span> <span class='ocrx_word' id='word_1_131' title='bbox 1166 3512 1304 3583; x_wconf 70' lang='lat' dir='ltr'><strong>munii</strong></span> 
     </span>
     <span class='ocr_line' id='line_1_22' title="bbox 271 3618 717 3687; baseline -0.002 -3"><span class='ocrx_word' id='word_1_132' title='bbox 271 3618 388 3685; x_wconf 86' lang='lat' dir='ltr'><strong>diebus</strong></span> <span class='ocrx_word' id='word_1_133' title='bbox 403 3640 524 3687; x_wconf 87' lang='lat' dir='ltr'><strong>nouem</strong></span> <span class='ocrx_word' id='word_1_134' title='bbox 539 3624 574 3687; x_wconf 93' lang='lat' dir='ltr'><strong>et</strong></span> <span class='ocrx_word' id='word_1_135' title='bbox 590 3618 717 3686; x_wconf 87' lang='lat' dir='ltr'><strong>decem.</strong></span> 
     </span>
    </p>
   </div>
   <div class='ocr_carea' id='block_1_10' title="bbox 617 3824 950 3899">
    <p class='ocr_par' dir='ltr' id='par_1_11' title="bbox 617 3824 950 3899">
     <span class='ocr_line' id='line_1_23' title="bbox 617 3824 950 3899; baseline -0.012 -1"><span class='ocrx_word' id='word_1_136' title='bbox 617 3833 661 3898; x_wconf 85' lang='lat' dir='ltr'><strong>De</strong></span> <span class='ocrx_word' id='word_1_137' title='bbox 675 3826 825 3899; x_wconf 76' lang='lat' dir='ltr'><strong>lodanne</strong></span> <span class='ocrx_word' id='word_1_138' title='bbox 839 3824 950 3895; x_wconf 77' lang='lat' dir='ltr'><em>XIX.</em></span> 
     </span>
    </p>
   </div>
   <div class='ocr_carea' id='block_1_11' title="bbox 314 4036 1305 4130">
    <p class='ocr_par' dir='ltr' id='par_1_12' title="bbox 314 4036 1305 4130">
     <span class='ocr_line' id='line_1_24' title="bbox 314 4036 1305 4130; baseline -0.006 -17"><span class='ocrx_word' id='word_1_139' title='bbox 314 4046 482 4113; x_wconf 80' lang='lat' dir='ltr'><strong>Iohannes</strong></span> <span class='ocrx_word' id='word_1_140' title='bbox 499 4043 597 4123; x_wconf 86' lang='lat' dir='ltr'><em>XIX,</em></span> <span class='ocrx_word' id='word_1_141' title='bbox 619 4041 804 4110; x_wconf 83' lang='lat' dir='ltr'><strong>Romanus.</strong></span> <span class='ocrx_word' id='word_1_142' title='bbox 831 4072 874 4091; x_wconf 89' lang='lat'>-</span> <span class='ocrx_word' id='word_1_143' title='bbox 897 4036 994 4107; x_wconf 84' lang='lat' dir='ltr'><strong>Sedit</strong></span> <span class='ocrx_word' id='word_1_144' title='bbox 1018 4036 1120 4103; x_wconf 72' lang='lat' dir='ltr'><strong>unuin</strong></span> <span class='ocrx_word' id='word_1_145' title='bbox 1149 4040 1305 4130; x_wconf 81' lang='lat' dir='ltr'><strong>quinque.</strong></span> 
     </span>
    </p>
   </div>
   <div class='ocr_carea' id='block_1_12' title="bbox 0 0 1507 5430">
    <p class='ocr_par' dir='ltr' id='par_1_13' title="bbox 0 0 1507 5430">
     <span class='ocr_line' id='line_1_25' title="bbox 0 0 1507 5430; baseline 0 0"><span class='ocrx_word' id='word_1_146' title='bbox 0 0 1507 5430; x_wconf 95' lang='lat' dir='ltr'><strong> </strong></span> 
     </span>
    </p>
   </div>
  </div>
 </body>
</html>
