2970 5430
655 145 813 202 -182-

212 296 294 342 neos
320 280 356 342 et
378 276 660 362 consanguineas,
683 273 901 361 propinquos,
924 273 1170 341 benefactores.
1195 276 1255 342 Bo

214 405 276 450 nos
294 385 423 450 vicinos
439 389 475 451 et
489 384 615 449 amicos
629 384 721 470 pacis
732 402 862 447 summa
876 383 1054 468 vigilentia
1071 382 1255 452 studebant

214 492 478 576 omnitempore
499 489 679 557 custodire.
699 489 949 567 Possessiones,
967 489 1096 576 predia,
1117 510 1252 576 pecora,

212 597 366 663 homines
384 599 493 682 pretio
508 597 562 662 uel
578 597 718 663 seruitio
742 595 973 681 acquirebant.
989 595 1059 671 Que
1074 597 1254 682 promitte·

213 703 307 781 bant,
324 702 564 790 adimplebant,
579 707 614 769 et
628 702 691 768 sibi
708 705 875 789 promissa
892 724 966 769 cum
980 705 1124 773 instanti
1142 705 1256 773 studio

212 809 449 896 requirebant;
467 832 488 876 a
507 810 625 896 quibus
648 811 849 878 amabantur
865 809 1010 876 fideliter
1029 817 1063 878 et
1078 812 1253 882 amabant.

211 918 303 1004 Erga
323 939 402 984 suos
426 920 617 1006 indigentes
637 939 738 1006 opera
760 918 988 984 misericordie
1009 918 1252 1008 adimplebant.

211 1026 320 1091 Asuis
334 1027 522 1092 nutricibus
540 1025 761 1091 mundissime
776 1031 811 1092 et
822 1024 1045 1092 delicabiliter
1059 1027 1255 1096 nutrieban-

212 1138 288 1211 tur;
310 1132 546 1219 aparentibus
571 1135 641 1198 suis
665 1132 823 1218 condigni
844 1133 1080 1218 castigationis
1104 1135 1252 1223 castiga·

160 1247 193 1303 lo
213 1239 349 1318 bantur,
361 1246 396 1307 et
406 1239 480 1305 ideo
492 1240 607 1306 mundi
618 1247 652 1307 et
667 1239 859 1306 delicabiles
873 1238 1045 1318 uiuebaut,
1060 1245 1096 1307 et
1108 1239 1252 1329 discipli·

213 1365 332 1410 narum
365 1347 506 1412 scientia
534 1349 716 1433 sapientes.
747 1344 842 1424 Albi,
870 1344 1003 1423 blondi,
1034 1346 1249 1432 pulcherrimi

212 1457 312 1518 erant
338 1458 372 1519 et
398 1472 457 1539 pre
487 1455 610 1520 ceteris
637 1454 831 1520 nationibus
861 1453 1011 1539 spetiosi.
1038 1450 1138 1519 Vnde
1156 1450 1249 1519 multi

214 1559 395 1646 simplices,
409 1562 444 1626 in
458 1560 603 1628 desertis
620 1562 805 1629 Galliarum
828 1563 1088 1637 commorantes,
1105 1557 1186 1626 dum
1200 1558 1250 1624 ui·

213 1666 338 1738 debant
359 1690 417 1736 eos
442 1669 604 1749 transire,
631 1671 722 1755 ipsos
746 1674 781 1735 et
805 1664 1025 1754 eos‘angelos
1049 1685 1125 1733 esse
1153 1668 1251 1754 pua-

213 1775 307 1844 bant.
1179 1775 1188 1785 ’

255 3050 332 3115 Filii
350 3051 557 3116 Francorum
581 3050 824 3137 primogenitos
844 3047 1069 3128 honorabant,
1092 3044 1250 3114 etdomi·

209 3176 271 3223 nos
290 3156 516 3243 appellabant,
541 3163 576 3224 et
593 3157 809 3243 primogeniti
825 3157 859 3221 in
874 3155 1102 3223 hereditatum
1118 3153 1249 3241 portio-

208 3262 307 3328 nibus
321 3262 510 3349 prelabant.
527 3263 662 3341 Franci,
683 3262 879 3349 cupiditatis
894 3282 997 3328 causa
1018 3265 1054 3328 et
1074 3259 1249 3328 desidera-

207 3370 301 3436 tione
323 3371 586 3456 possessionum,
616 3370 705 3437 filios
729 3389 819 3451 suos·
833 3374 868 3437 et
894 3368 982 3435 filias
1005 3368 1193 3436 Gallicanis
1214 3370 1249 3433 et

152 3477 188 3534 20
208 3475 409 3564 alienigenis
430 3498 496 3543 non
516 3477 653 3564 paribus
666 3475 965 3545 matrimonialiter
985 3473 1245 3563 coniungebant,

207 3588 242 3649 et
268 3584 398 3649 alienas
422 3603 489 3649 non
514 3582 577 3649 sibi
599 3604 778 3671 congruas,
806 3583 991 3671 cupiditate
1016 3582 1191 3649 mobilium
1212 3588 1246 3649 et

206 3689 446 3768 immobilium,
471 3688 660 3776 capiebant.
689 3692 800 3758 Lucra
825 3710 1004 3757 vsurarum
1030 3709 1098 3756 non
1124 3687 1246 3777 dilige-

205 3794 308 3877 bant;
333 3797 539 3864 Francorum
555 3798 653 3883 parui
668 3799 807 3864 iuuenes
821 3796 982 3865 libentius
995 3793 1242 3884 expendebant,
