2918 5046
691 558 847 616 ..390-

259 684 437 751 rIcordiam
451 692 603 773 expecto.
629 688 687 751 Dic
701 686 888 751 successori
913 704 987 751 meo
1002 682 1159 761 Iohanni,
1174 690 1210 751 ut
1224 684 1271 751 tuli

258 790 359 858 techa
379 794 555 877 pecuniam
570 794 727 881 accipiat,
756 796 791 857 et
814 790 1017 878 pauperibus
1039 787 1213 857 distribuet
1225 808 1271 877 pro

259 919 324 977 me,
345 900 431 984 quod
450 900 542 965 illam
571 900 617 966 ibi
639 900 763 968 oblitus
782 896 923 963 ineram.
943 928 958 953 n
980 896 1075 973 Quod
1101 894 1270 985 adlmplouit

259 1007 447 1093 episcopus,
478 1013 512 1074 et
532 1028 620 1095 papa
653 1008 824 1076 Iohannes
861 1003 1008 1073 fideliter
1041 1002 1270 1081 distribuite

259 1112 393 1190 cedens,
412 1116 654 1181 monasterium
673 1111 828 1180 intrauit.

323 1632 366 1693 Ile
381 1628 572 1699 Leotberico
583 1630 827 1713 archiepiscopo
839 1639 873 1696 et
890 1628 1093 1715 Raynnardo
1103 1628 1221 1695 canite.

291 1842 390 1908 Anno
406 1842 584 1907 millesimo
596 1848 631 1908 et
645 1842 869 1928 quindecimo,
879 1843 1101 1911 Leothericns
1117 1842 1268 1929 archiepie-

257 1969 359 2036 oopus
370 1948 513 2015 tradidit
524 1949 750 2015 senonensem
765 1950 882 2017 urbem
900 1949 1049 2017 Roberto
1059 1950 1145 2037 regi,
1155 1944 1269 2015 concillo

258 2055 384 2122 domini
400 2076 484 2141 pape
501 2054 673 2122 Benedicti
698 2057 781 2122 VIII
798 2058 855 2142 qui
871 2054 1143 2133 adhucuiuebat‚
1163 2060 1195 2123 et
1206 2070 1269 2119 oon·

209 2188 240 2243 10
260 2164 336 2229 sili0
363 2162 634 2247 suffragonorum
668 2168 702 2229 et
726 2183 902 2249 procerum
947 2164 1034 2229 Nam
1069 2156 1267 2249 Ruynnurdn

259 2268 381 2335 cotidie
402 2266 536 2334 ledebat
550 2269 851 2355 archiepiscopum,
872 2276 907 2335 et
931 2270 965 2333 in
988 2266 1109 2333 faciem
1135 2282 1267 2353 conspuet

258 2374 328 2452 bat,
346 2382 380 2441 et
393 2376 427 2440 in
440 2376 685 2460 posterioribus
695 2397 811 2462 pacem
821 2374 985 2463 pontiflci,
997 2374 1077 2441 dum
1091 2370 1267 2445 celebrata

258 2480 432 2548 offerebat.
452 2482 612 2555 Quamuis
628 2482 781 2567 pontifex
805 2480 951 2547 nobilior
964 2501 1087 2569 genere
1115 2487 1151 2548 et
1172 2476 1268 2545 romu

258 2596 360 2663 esset,
375 2585 622 2653 tamenellundi
635 2587 772 2653 nolebat
784 2589 983 2675 sanguinem
996 2586 1200 2655 sudetorurn
1210 2578 1267 2663 :aul

259 2693 301 2758 ad
328 2714 440 2780 regern
459 2694 556 2771 adiit,
573 2702 608 2761 ot
634 2694 696 2759 sibi
721 2695 907 2781 temporale
925 2714 1023 2759 suum
1051 2692 1266 2781 supposuit-t

259 2803 332 2887 ipso
349 2822 441 2887 rege,
462 2822 542 2887 poce
560 2802 724 2889 gauderet
744 2804 886 2869 ecclesia
900 2803 1118 2869 Senonensis.
1136 2800 1266 2868 tonino

259 2928 340 2974 uero
362 2928 440 2993 rege
460 2929 535 2972 cunr
547 2911 713 2987 exercitu,
732 2928 844 2976 comes
859 2910 969 2975 nudus
990 2908 1103 2997 fugiit,
1124 2918 1160 2977 et
1185 2906 1264 2975 inlr

260 3037 341 3081 suus
375 3016 587 3081 Fromundus
611 3026 647 3083 et.
676 3018 810 3103 quidam
840 3018 898 3084 olii
927 3020 1050 3085 turrIm
1073 3020 1266 3087 Senomrn·

260 3123 476 3189 intrauerunt
490 3122 720 3189 deffendentes
736 3146 772 3190 se
782 3124 898 3191 multis
913 3124 1039 3191 diebus.
1058 3126 1191 3193 Demum
1202 3116 1266 3207 eupli

204 3246 241 3301 ao
260 3248 401 3304 unsrun,
414 3238 448 3294 et
464 3230 658 3295 Aurelianis
671 3232 882 3297 incarcerem
898 3232 1003 3309 misit,
1017 3240 1052 3299 at
1060 3231 1104 3298 ibi
1117 3230 1198 3299 obiit
1210 3226 1267 3295 In·

262 3336 417 3401 mundus.

599 3783 643 3845 lle
660 3778 819 3847 Iluirroldo
829 3780 960 3845 abbulc.

306 3998 429 4065 Eodem
456 4020 559 4075 anno,
582 3998 666 4063 obiit
692 3995 904 4083 Raynaldus
925 3996 1031 4063 abbas
1051 3978 1263 4063 Sanco-Petri

260 4108 351 4183 Uiui,
366 4128 427 4171 suo
440 4107 647 4171 monasterio
663 4106 856 4190 relinquens
879 4114 1081 4171 conuentum
1097 4088 1260 4169 laudabilflfl

259 4216 485 4285 etiumosum.
514 4216 684 4283 Successit
709 4214 763 4277 uir
785 4211 920 4290 nobilis,
945 4210 1125 4307 religiosus
1139 4210 1171 4273 el
1189 4198 1260 4265 llll*
