2970 5430
659 442 798 495 ..62-

213 573 333 637 Petro:
354 599 367 626 .
387 570 459 634 Pax
478 576 600 645 tecum,
619 569 872 633 fundamentum
891 568 1107 635 ecclesiarum
1121 575 1156 636 et
1170 590 1253 657 pas-

215 708 228 731 «
246 686 300 742 tor
314 677 426 741 ouium
449 673 581 760 Xpisti!
599 704 613 728 n
631 675 753 739 Petrus
775 673 928 740 dicebat:
959 705 972 729 u
990 675 1085 740 Vade
1107 677 1141 740 in
1157 695 1251 763 paee,

215 813 229 836 a
248 782 440 867 predicator
456 781 624 858 ueritatis
638 785 672 845 et
686 778 805 845 doctor
817 782 967 866 gentium
982 781 988 846 !
1005 811 1019 836 n
1037 781 1119 848 Cum
1139 790 1253 849 autem

211 889 426 975 elongassent
436 907 492 952 eos
505 887 546 952 ab
556 888 712 963 inuicem,
723 887 904 972 Dyonisius
917 893 1063 973 preerat,
1077 889 1253 976 episcopus

211 996 427 1072 Parisiensis,
446 995 502 1080 qui
517 994 654 1079 scripsit
671 992 733 1057 hoc
751 1015 758 1071 ;
777 997 912 1058 secutus
928 999 980 1061 est
1000 992 1142 1058 Paulum
1157 996 1254 1060 cuius

214 1102 396 1188 discipulus
412 1107 497 1168 erat.
516 1103 591 1167 Non
605 1102 694 1165 enim
710 1099 825 1165 eodem
840 1100 914 1163 rico
935 1097 1130 1166 occiderunt
1144 1118 1214 1179 eos.

259 1853 341 1918 Dum
355 1851 480 1917 Paulus
497 1850 539 1916 ad
555 1849 810 1916 decollationem
827 1847 1018 1925 duceretur,
1036 1845 1198 1915 dixerunt
1224 1849 1256 1913 ei

214 1968 285 2024 tres
298 1959 442 2024 milites:
463 1989 477 2014 u
497 1959 556 2023 Dic
571 1957 678 2033 nobis,
700 1957 817 2034 Paule,
840 1957 914 2041 quis
936 1961 989 2022 est
1003 1955 1059 2019 ille
1082 1974 1144 2019 rex
1157 1975 1254 2041 quem

218 2071 317 2132 utam
333 2064 459 2153 diligis,
477 2066 631 2151 quamuis
648 2063 744 2129 nobis
762 2063 956 2140 inuisibilis,
974 2067 1009 2128 et
1032 2080 1147 2147 proco
1171 2063 1256 2127 mori

164 2184 196 2238 1ο
218 2173 323 2238 uuisl
349 2203 363 2228 n
390 2174 482 2237 Tunc
516 2172 642 2237 Paulus
666 2176 800 2237 tantum
830 2171 878 2234 eis
911 2167 1020 2234 eundo
1049 2167 1252 2254 predicauit,

216 2278 303 2362 quod
324 2277 366 2343 ad
385 2277 482 2343 fidem
499 2278 589 2363 ipsos
605 2277 786 2342 conuertit.
814 2276 1046 2360 Dixeruntque
1063 2275 1093 2338 ei
1109 2273 1254 2340 milites:
1358 2284 1360 2287 ’

218 2416 232 2440 u
250 2385 350 2450 Liber
367 2384 498 2461 recede,
521 2385 600 2469 quia
624 2385 731 2449 bonus
748 2402 796 2447 ea.
816 2412 830 2436 n
857 2382 951 2448 Dixit
972 2381 1118 2447 Paulus:
1147 2410 1162 2436 u
1178 2380 1255 2445 Non

218 2521 232 2543 u
250 2489 396 2576 lugiam;
413 2511 479 2555 non
497 2510 569 2554 sum
585 2489 759 2575 profugus
778 2488 835 2553 sed
854 2489 950 2553 miles
968 2489 1094 2572 Xpisti.
1112 2517 1126 2541 n

215 2856 218 2863 .
262 2805 449 2882 illabere,
475 2805 510 2869 in
535 2812 633 2890 porta
660 2806 848 2885 Hostiensi,
868 2807 966 2873 beato
986 2807 1091 2871 Paulo
1114 2805 1256 2892 quedam

216 2922 372 2980 matrona
389 2913 561 2990 obuiauit,
591 2935 653 2999 que
668 2913 773 2981 dixit:
806 2947 820 2972 a
839 2916 961 2981 Sancte
982 2913 1098 2990 Paule,
1118 2932 1179 2978 ora
1194 2932 1255 2999 pro

218 3054 231 3077 u
252 3042 315 3086 me.
334 3050 348 3074 n
367 3020 426 3086 Cui
439 3020 584 3085 Paulus:
603 3021 730 3098 «Filia,
750 3021 923 3088 commoda
941 3020 1022 3085 mihi
1038 3019 1147 3084 velum
1161 3026 1254 3085 tuum
1273 3078 1278 3086 ,

217 3159 231 3181 u
248 3135 281 3193 et
294 3126 370 3192 inde
387 3127 501 3192 oculos
519 3145 610 3190 meos
624 3127 748 3212 ligabo,
762 3133 881 3214 postea
892 3125 1030 3191 reddam
1046 3124 1143 3191 tibin
1161 3118 1256 3200 Quod

216 3234 278 3296 sibi
302 3232 457 3308 tradidit,
478 3238 512 3298 et
541 3232 716 3298 carnifices
738 3255 811 3299 eam
832 3231 1042 3298 deridebant.
1068 3229 1149 3296 Cum
1176 3246 1258 3297 uero

215 3336 256 3400 ad
287 3335 540 3405 decollationem
560 3341 728 3417 uenisset,
750 3339 848 3404 flexis
875 3338 1027 3424 genibus
1056 3357 1130 3402 cum
1152 3336 1257 3402 lacri-

160 3448 196 3504 ‘20
215 3445 279 3507 mis
308 3446 431 3521 orauit,
457 3452 492 3512 et
518 3446 593 3510 uelo
615 3447 728 3511 oculos
754 3446 817 3511 sibi
843 3446 975 3533 ligauit.
1010 3446 1102 3509 Tunc
1132 3442 1254 3508 collum

215 3548 360 3615 tetendit
374 3554 409 3615 et
432 3548 617 3618 decollatus
634 3558 698 3619 est.
723 3552 765 3617 Et
781 3573 848 3617 uox
866 3551 907 3616 de
922 3550 993 3617 celo
1014 3571 1114 3637 super
1132 3551 1253 3636 ipsum,

215 3655 308 3719 clara
336 3655 453 3741 lingua
487 3655 656 3734 hebraica,
688 3659 851 3725 insonuit.
883 3659 929 3724 De
962 3658 1035 3722 eius
1071 3676 1152 3722 uero
1178 3656 1257 3722 uul-

216 3780 296 3827 nere
320 3761 372 3827 lac
386 3763 494 3829 exiuit
506 3763 673 3841 habunde,
699 3771 733 3832 et
756 3772 832 3851 post
855 3766 917 3831 hoc
933 3765 1083 3852 sanguis.
1113 3764 1153 3828 ln
1177 3782 1256 3828 aere

216 3868 274 3932 lux
307 3869 471 3934 immensa
506 3870 662 3947 emicuit,
703 3876 738 3937 et
769 3872 809 3937 de
838 3892 977 3958 corpore
1006 3869 1090 3937 odor
1119 3869 1256 3934 suauis-

217 3975 321 4039 simus
346 3976 529 4041 emanauit.
554 3975 614 4041 llla
643 3976 750 4047 hora.
781 3979 956 4064 sanguinis
984 3982 1019 4044 et
1050 3977 1149 4042 lactis
1173 3993 1265 4061 pars⁴

216 4102 289 4146 cum
326 4081 400 4146 uelo
428 4082 610 4170 colligitur,
644 4091 678 4151 et
720 4093 873 4151 matrone
900 4090 1060 4171 portatur
1086 4088 1121 4149 et
1143 4081 1255 4148 tradi-
