2970 5430
708 483 741 496 -
763 451 868 508 256-

316 572 379 639 Illo
397 579 559 662 tempore,
578 578 685 657 Grilo,
709 578 799 644 filius
815 578 1119 661 Karoli-llartelli,
1137 602 1160 650 a
1180 580 1309 651 duobus

272 681 342 745 suis
355 678 531 762 fratribus,
546 685 777 771 Karlomaguo
790 683 949 752 uidelicet
961 686 1140 775 etPipinu,
1153 690 1190 756 in
1201 710 1311 759 caree·

273 807 344 852 rem
357 787 518 869 truditur,
537 792 615 877 quia
631 794 796 879 pessimus
813 798 846 860 et
866 793 1036 879 inquietus
1052 802 1142 865 erat.

316 895 378 961 lllo
393 904 555 982 tempore,
581 899 831 985 llarlomagnus
854 899 1039 965 monachus
1054 901 1167 969 iectus
1180 907 1248 982 est,
1274 910 1311 969 ut

272 1023 373 1089 supra
388 1004 560 1084 scribitur,
574 1013 608 1073 et
624 1007 763 1094 Pipinus
777 1005 868 1071 solus
886 1006 1063 1073 remansit.

551 1223 602 1289 De
625 1224 771 1290 romanis
800 1223 1027 1308 pontificibus.

315 1439 370 1503 Hii
384 1443 464 1505 sunt
477 1440 606 1505 romani
621 1438 799 1526 pontifices
815 1440 977 1525 temporis
1005 1437 1109 1517 illius,
1137 1444 1218 1529 post
1242 1440 1316 1508 Ste-

269 1544 417 1631 phanum
433 1545 615 1611 secundum
632 1567 639 1609 :

314 1652 440 1718 Paulus
458 1654 486 1730 1,
508 1654 690 1719 Ronranus.
723 1689 767 1704 -
798 1654 894 1721 Sedit
924 1653 1167 1732 aunisdecem,
1199 1674 1313 1722 mense

219 1769 251 1823 10
270 1779 347 1837 une,
360 1766 399 1826 et
413 1761 560 1825 cessauit
572 1761 785 1846 episcopatus
802 1781 891 1826 anno
912 1781 992 1840 unu,
1017 1780 1134 1827 mense
1149 1781 1230 1829 uno.
1248 1762 1311 1828 Hie

269 1866 447 1932 constituit
460 1867 494 1930 in
507 1865 778 1953 quadragesima,
794 1874 873 1934 ante
889 1867 1007 1933 horam
1024 1874 1170 1949 sextam,
1197 1868 1313 1935 diuina

269 1971 374 2038 offitia
392 1971 567 2037 celebrari.
589 1972 658 2038 Istc
686 1972 867 2040 transtulit
894 1995 1015 2060 corpus
1047 1984 1165 2043 sancte
1191 1975 1313 2045 Petro-

268 2080 360 2158 nille,
376 2079 569 2145 dulcissime
583 2081 739 2166 uirginis
760 2080 829 2146 filie
845 2080 1033 2148 beatissimi
1050 2082 1159 2161 Petri,
1174 2088 1313 2169 aposto-

269 2186 375 2250 lorum
395 2188 567 2273 principis,
585 2207 659 2251 cum
673 2186 773 2253 titulo
785 2207 883 2273 quem
901 2187 1020 2254 beatus
1036 2188 1161 2254 Petrus
1171 2188 1312 2275 seripse-

194 2333 198 2344 ·
269 2300 334 2358 rat.
361 2293 430 2357 lste
443 2292 568 2357 Paulus
586 2294 785 2357 mitissimus
803 2293 880 2370 fuit,
908 2293 991 2357 nulli
1016 2291 1162 2359 reddens
1187 2294 1310 2361 malum

254 2398 447 2495 promulo,
467 2400 530 2465 Hic
545 2421 620 2465 eum
640 2401 756 2486 paucis
776 2401 859 2477 suis,
879 2400 1015 2466 silentio
1031 2399 1155 2477 noctis,
1168 2419 1231 2487 per
1244 2398 1311 2467 cel·

271 2507 321 2571 las
347 2505 556 2573 infirmorum
572 2514 606 2573 et
620 2528 803 2594 pauperum
830 2516 865 2574 et
884 2510 1173 2574 incarceratorum
1188 2507 1310 2575 circui·

270 2613 341 2691 bat,
360 2617 552 2680 necessaria
568 2615 806 2683 ministranda.
827 2615 962 2692 Viduis,
985 2613 1122 2700 pupillis
1146 2622 1183 2681 et
1197 2613 1310 2703 egenis

271 2740 366 2806 opem
388 2720 529 2787 ferebat.
557 2722 701 2809 Propter
728 2724 875 2789 estiuum
892 2721 1038 2787 calorem
1055 2720 1203 2787 moritur
1225 2716 1310 2807 apud

217 2847 252 2903 20
271 2827 612 2909 Sanctum-Paulum;
629 2829 674 2895 ibi
696 2830 869 2916 sepelitur,
888 2828 946 2894 sed
970 2834 1090 2914 postea
1103 2825 1311 2897 transfertur

272 2939 423 3026 apopulo
439 2939 480 3004 ad
494 2939 822 3007 Sanctum-Petrum.

317 3268 388 3334 Hoc
412 3275 574 3354 tempore,
594 3270 732 3334 sanctus
756 3264 976 3352 Gengulphus
1005 3264 1143 3333 claruit.
1178 3264 1245 3331 Hie
1275 3263 1309 3329 in

271 3375 305 3437 in
323 3374 464 3440 Frantia
480 3373 607 3440 fontem
622 3372 714 3453 emit,
745 3381 780 3438 et
802 3372 836 3436 in
854 3370 1085 3458 Burgundiam
1101 3371 1197 3437 exire
1211 3371 1311 3457 impe-

271 3480 389 3546 trauit.
403 3479 478 3557 Hie,
487 3500 561 3545 cum
580 3485 717 3566 propter
730 3476 945 3556 adulterium,
957 3497 1097 3543 uxorem
1110 3476 1308 3555 dimisisset,

270 3585 312 3651 ab
340 3585 493 3653 adultero
506 3586 627 3652 clerico
649 3585 826 3652 occiditur.
843 3585 887 3652 Et
902 3586 944 3651 ad
973 3606 1070 3652 suum
1097 3585 1310 3673 sepulchrum

270 3692 377 3759 multa
391 3693 556 3759 miracula
568 3693 775 3758 claruerunt.
791 3691 884 3766 Quod
900 3713 966 3758 non
980 3691 1134 3771 credens,
1149 3712 1239 3759 uxor
1250 3710 1311 3758 sue

271 3800 378 3867 dixit:
403 3830 417 3856 a
441 3800 475 3865 Si
491 3798 709 3885 Gengulphus
724 3798 807 3865 facit
824 3799 1001 3878 miracula,
1021 3818 1107 3866 anus
1121 3818 1312 3867 meuscan·

272 3907 339 3974 tet!
358 3938 372 3963 n
389 3905 482 3983 Quod
514 3926 592 3971 mox
606 3905 803 3992 completur,
821 3907 900 3991 quia
919 3925 1052 3993 semper
1066 3926 1142 3973 cum
1169 3907 1245 3996 ipsa
1266 3904 1313 3973 lu·

272 4015 448 4102 quebatur,
464 4033 549 4080 anus
562 4033 643 4079 suus
663 4020 761 4100 turpe
778 4012 950 4081 cantabat.
