2918 5046
754 439 878 492 ..4.-

290 568 477 634 doctrinam
495 566 687 633 mellifluam
704 568 952 653 Scripturarum
972 574 1005 633 et
1018 568 1242 653 eloquentiam
1255 586 1331 632 reo-

290 676 455 739 tissimam
470 677 731 761 coniunguntur.
751 675 837 739 Dicit
849 674 979 759 quidem
992 673 1156 761 propheta
1171 696 1178 738 :
1194 704 1207 728 u
1221 674 1330 739 Erunt

292 813 305 835 a
333 802 438 868 praua
458 784 491 847 in
507 782 635 848 directa
651 789 684 847 et
707 801 826 866 aspera
839 783 872 844 in
889 783 963 846 uias
980 781 1099 868 planas
1114 805 1121 859 ;
1141 812 1155 836 n
1173 785 1207 846 et
1224 778 1326 845 illud:

291 921 304 943 u
334 890 460 954 Ponam
488 890 644 955 tenebras
669 909 781 954 coram
817 890 865 952 eis
896 890 929 952 in
960 890 1066 953 lucem
1097 893 1131 954 et
1158 908 1264 976 praua
1295 889 1329 952 in

291 1028 303 1050 u
332 1002 438 1062 recta.
462 998 635 1083 »Insuper
662 1003 714 1061 est
744 995 843 1080 quod,
874 997 907 1060 in
938 996 1042 1061 archa
1066 996 1150 1072 Noe,
1173 997 1329 1063 immittis

289 1103 397 1179 belua,
414 1103 446 1167 id
463 1111 534 1169 est:
564 1105 734 1189 peccatrix
762 1105 874 1167 anima
892 1126 911 1168 a
929 1106 1099 1190 perpetuis
1115 1102 1330 1190 dampnatio-

288 1211 385 1275 nibus
405 1212 559 1297 eripitur,
583 1209 715 1295 quando
741 1230 798 1275 cor
822 1211 968 1275 hominis
987 1210 1107 1275 durum
1123 1217 1158 1278 et
1172 1231 1328 1296 asperum

288 1337 346 1402 per
365 1317 577 1404 disciplinam
596 1320 718 1382 iustam
735 1329 769 1381 et
784 1317 971 1401 doctrinam
992 1319 1240 1404 scripturarum
1257 1317 1330 1383 effi-

288 1426 376 1488 citur
398 1432 621 1489 mansuetum.

239 2075 268 2125 tn
333 2050 419 2112 Dicit
429 2046 608 2132 Apostolus
618 2045 657 2109 ad
670 2047 838 2111 Romanos
852 2069 857 2110 :
872 2080 885 2101 u
897 2049 1329 2132 Quacumquescriptasunt

290 2188 303 2209 ιι
324 2155 364 2218 ad
381 2165 529 2220 nostram
544 2153 731 2216 doctrinam
750 2157 875 2239 scripta
888 2161 978 2228 sunt,
995 2160 1043 2229 ut,
1055 2174 1114 2239 per
1129 2155 1328 2239 patientiam

290 2297 302 2314 a
325 2277 358 2326 et
373 2262 635 2325 consolationem
648 2261 909 2346 Scripturarum,
924 2281 1014 2346 spem
1026 2259 1221 2325 habeamus
1235 2291 1249 2314 n
1263 2261 1329 2325 Per

288 2387 350 2451 que
360 2367 535 2431 euidenter
548 2377 687 2451 apparet
698 2368 783 2451 quod
796 2389 835 2431 ea
846 2389 908 2452 que
917 2367 1170 2452 predecessores
1184 2369 1330 2456 scripse·

288 2483 379 2551 runt,
397 2473 439 2538 ad
452 2473 604 2558 enerupla
619 2479 652 2538 et
668 2473 931 2538 consolationem
953 2474 1169 2558 sequentibus
1183 2474 1329 2560 relique-

289 2589 379 2647 runt.

334 2795 1327 2888 lndeestquodeg0,quedamutiliabreuissimecolligendo,

290 2907 474 2990 scripturas
492 2904 641 2989 prolixas
654 2914 688 2969 et
702 2912 886 2981 ueteratas,
903 2912 1001 2991 prout
1012 2927 1073 2992 ego
1087 2926 1203 2993 parum
1219 2910 1330 2974 sciens

289 3025 417 3101 potero,
437 3012 616 3077 renouato,
633 3012 717 3077 Sunt
734 3034 814 3077 uero
826 3014 961 3098 quidam
987 3013 1027 3077 de
1041 3014 1199 3099 predictis
1216 3017 1330 3099 ponti-

289 3121 418 3197 ficibus,
438 3140 577 3206 quorum
601 3113 697 3184 act'us
722 3135 756 3184 et
782 3120 965 3204 sepulture,
982 3129 1119 3206 propter
1138 3121 1328 3186 litterarum

154 3241 163 3257 ⁰
234 3248 269 3305 20
289 3239 505 3305 uetustatem,
523 3236 706 3315 etpropter
718 3248 937 3314 paganorum,
952 3229 1224 3306 Ewaudalorum,
1236 3230 1332 3296 Noti·

289 3341 521 3413 cinannorum‚
537 3343 571 3402 et
583 3335 801 3421 quorumdam
810 3339 1030 3421 pessimorum
1042 3337 1189 3402 Senones
1202 3336 1331 3402 inhabi-

291 3446 435 3511 tantium
472 3443 711 3530 negligentiam
744 3450 778 3508 et
804 3442 1079 3521 destructionem,
1118 3446 1256 3530 insuper
1296 3453 1330 3512 ot

291 3562 427 3640 propter
447 3551 693 3617 destructiones
707 3552 846 3637 ignium,
865 3552 984 3637 quibus
1000 3553 1202 3619 Senonensis
1223 3553 1332 3618 maior

291 3663 431 3727 ecclesia
457 3658 631 3724 combusta
663 3658 738 3733 suit,
770 3667 805 3724 et
829 3661 1070 3724 monasterium
1093 3659 1330 3726 Sancti-Petri·

294 3770 380 3845 Uiui,
399 3770 432 3832 in
446 3769 540 3831 cuius
565 3767 742 3851 cymiterio
761 3765 902 3852 predicti
921 3765 1095 3853 pontifices
1120 3767 1331 3832 Senoneuses

289 3876 479 3962 sepulturas
497 3874 621 3959 eligere
637 3880 894 3948 consueuerant,
911 3883 1172 3950 concrematum,
1189 3880 1331 3958 possunt

288 3985 423 4049 minimo
439 3981 590 4065 reperiri.
