<?xml version="1.0" encoding="UTF-8"?>
<!DOCTYPE html PUBLIC "-//W3C//DTD XHTML 1.0 Transitional//EN"
    "http://www.w3.org/TR/xhtml1/DTD/xhtml1-transitional.dtd">
<html xmlns="http://www.w3.org/1999/xhtml" xml:lang="en" lang="en">
 <head>
  <title>
</title>
<meta http-equiv="Content-Type" content="text/html;charset=utf-8" />
  <meta name='ocr-system' content='tesseract 3.04.00' />
  <meta name='ocr-capabilities' content='ocr_page ocr_carea ocr_par ocr_line ocrx_word'/>
</head>
<body>
  <div class='ocr_page' id='page_1' title='image "./chroniquedelabb00fragoog_0464.png"; bbox 0 0 2918 5046; ppageno 0'>
   <div class='ocr_carea' id='block_1_1' title="bbox 693 440 851 495">
    <p class='ocr_par' dir='ltr' id='par_1_1' title="bbox 693 440 851 495">
     <span class='ocr_line' id='line_1_1' title="bbox 693 440 851 495; baseline 0 -14"><span class='ocrx_word' id='word_1_1' title='bbox 693 440 851 495; x_wconf 73' lang='lat'><strong>..430-</strong></span> 
     </span>
    </p>
   </div>
   <div class='ocr_carea' id='block_1_2' title="bbox 255 562 1285 973">
    <p class='ocr_par' dir='ltr' id='par_1_2' title="bbox 255 562 1285 973">
     <span class='ocr_line' id='line_1_2' title="bbox 299 562 1283 652; baseline 0.005 -22"><span class='ocrx_word' id='word_1_2' title='bbox 299 564 462 632; x_wconf 87' lang='lat' dir='ltr'>Defuncto</span> <span class='ocrx_word' id='word_1_3' title='bbox 477 562 641 652; x_wconf 81' lang='lat' dir='ltr'>Gregorio</span> <span class='ocrx_word' id='word_1_4' title='bbox 660 565 690 629; x_wconf 89' lang='lat' dir='ltr'>V</span> <span class='ocrx_word' id='word_1_5' title='bbox 694 565 739 642; x_wconf 90' lang='grc' dir='ltr'>ΙΙ,</span> <span class='ocrx_word' id='word_1_6' title='bbox 766 566 949 652; x_wconf 88' lang='lat' dir='ltr'>imperator</span> <span class='ocrx_word' id='word_1_7' title='bbox 964 564 1197 634; x_wconf 84' lang='lat' dir='ltr'>Guibelertum</span> <span class='ocrx_word' id='word_1_8' title='bbox 1216 586 1283 635; x_wconf 84' lang='lat' dir='ltr'>res-</span> 
     </span>
     <span class='ocr_line' id='line_1_3' title="bbox 255 671 1283 756; baseline 0.004 -19"><span class='ocrx_word' id='word_1_9' title='bbox 255 672 360 752; x_wconf 88' lang='lat' dir='ltr'>tituit,</span> <span class='ocrx_word' id='word_1_10' title='bbox 386 691 483 756; x_wconf 86' lang='lat' dir='ltr'>quem</span> <span class='ocrx_word' id='word_1_11' title='bbox 504 671 708 739; x_wconf 83' lang='lat' dir='ltr'>Clementem</span> <span class='ocrx_word' id='word_1_12' title='bbox 725 673 777 738; x_wconf 87' lang='grc' dir='ltr'>ΙΙΙ</span> <span class='ocrx_word' id='word_1_13' title='bbox 795 674 1065 741; x_wconf 78' lang='lat' dir='ltr'>nominarerunt.</span> <span class='ocrx_word' id='word_1_14' title='bbox 1089 672 1195 741; x_wconf 81' lang='lat' dir='ltr'>Pauci</span> <span class='ocrx_word' id='word_1_15' title='bbox 1210 694 1283 741; x_wconf 89' lang='lat' dir='ltr'>nero</span> 
     </span>
     <span class='ocr_line' id='line_1_4' title="bbox 256 776 1283 869; baseline 0.006 -28"><span class='ocrx_word' id='word_1_16' title='bbox 256 778 399 843; x_wconf 84' lang='lat' dir='ltr'>Romani</span> <span class='ocrx_word' id='word_1_17' title='bbox 428 776 649 857; x_wconf 86' lang='lat' dir='ltr'>Desiderinm,</span> <span class='ocrx_word' id='word_1_18' title='bbox 676 778 830 845; x_wconf 84' lang='lat' dir='ltr'>abbatem</span> <span class='ocrx_word' id='word_1_19' title='bbox 858 780 1147 859; x_wconf 79' lang='lat' dir='ltr'>Montis-Cossini,</span> <span class='ocrx_word' id='word_1_20' title='bbox 1170 800 1283 869; x_wconf 82' lang='lat' dir='ltr'>papum</span> 
     </span>
     <span class='ocr_line' id='line_1_5' title="bbox 257 885 1285 973; baseline 0.005 -21"><span class='ocrx_word' id='word_1_21' title='bbox 257 885 409 953; x_wconf 87' lang='lat' dir='ltr'>lecerunt</span> <span class='ocrx_word' id='word_1_22' title='bbox 429 886 516 973; x_wconf 91' lang='lat' dir='ltr'>apud</span> <span class='ocrx_word' id='word_1_23' title='bbox 531 888 862 969; x_wconf 86' lang='lat' dir='ltr'>Sanctum-Petrum,</span> <span class='ocrx_word' id='word_1_24' title='bbox 883 896 918 957; x_wconf 88' lang='lat' dir='ltr'>et</span> <span class='ocrx_word' id='word_1_25' title='bbox 941 910 1016 957; x_wconf 90' lang='lat' dir='ltr'>eum</span> <span class='ocrx_word' id='word_1_26' title='bbox 1041 888 1214 958; x_wconf 82' lang='lat' dir='ltr'>Uictorem</span> <span class='ocrx_word' id='word_1_27' title='bbox 1228 912 1285 959; x_wconf 89' lang='lat' dir='ltr'>no-</span> 
     </span>
    </p>
   </div>
   <div class='ocr_carea' id='block_1_3' title="bbox 256 994 1285 1171">
    <p class='ocr_par' dir='ltr' id='par_1_3' title="bbox 256 994 1285 1171">
     <span class='ocr_line' id='line_1_6' title="bbox 256 994 1285 1087; baseline 0.008 -30"><span class='ocrx_word' id='word_1_28' title='bbox 256 994 482 1071; x_wconf 87' lang='lat' dir='ltr'>minauerunt,</span> <span class='ocrx_word' id='word_1_29' title='bbox 519 996 575 1082; x_wconf 92' lang='lat' dir='ltr'>qni</span> <span class='ocrx_word' id='word_1_30' title='bbox 604 1000 692 1082; x_wconf 85' lang='lat' dir='ltr'>post,</span> <span class='ocrx_word' id='word_1_31' title='bbox 727 1001 764 1063; x_wconf 86' lang='lat' dir='ltr'>ut</span> <span class='ocrx_word' id='word_1_32' title='bbox 788 997 883 1062; x_wconf 90' lang='lat' dir='ltr'>uobis</span> <span class='ocrx_word' id='word_1_33' title='bbox 911 997 1033 1077; x_wconf 88' lang='lat' dir='ltr'>dicam,</span> <span class='ocrx_word' id='word_1_34' title='bbox 1074 1019 1206 1067; x_wconf 87' lang='lat' dir='ltr'>ueneno</span> <span class='ocrx_word' id='word_1_35' title='bbox 1233 1019 1285 1087; x_wconf 85' lang='lat' dir='ltr'>per</span> 
     </span>
     <span class='ocr_line' id='line_1_7' title="bbox 256 1097 635 1171; baseline 0.008 -6"><span class='ocrx_word' id='word_1_36' title='bbox 256 1097 381 1167; x_wconf 84' lang='lat' dir='ltr'>fluxum</span> <span class='ocrx_word' id='word_1_37' title='bbox 395 1103 526 1169; x_wconf 86' lang='lat' dir='ltr'>uentris</span> <span class='ocrx_word' id='word_1_38' title='bbox 541 1101 635 1171; x_wconf 89' lang='lat' dir='ltr'>obiit.</span> 
     </span>
    </p>
   </div>
   <div class='ocr_carea' id='block_1_4' title="bbox 587 1333 956 1419">
    <p class='ocr_par' dir='ltr' id='par_1_4' title="bbox 587 1333 956 1419">
     <span class='ocr_line' id='line_1_8' title="bbox 587 1333 956 1419; baseline 0.014 -20"><span class='ocrx_word' id='word_1_39' title='bbox 587 1335 630 1400; x_wconf 83' lang='lat' dir='ltr'>ne</span> <span class='ocrx_word' id='word_1_40' title='bbox 641 1354 719 1419; x_wconf 80' lang='lat' dir='ltr'>repe</span> <span class='ocrx_word' id='word_1_41' title='bbox 737 1333 956 1403; x_wconf 75' lang='lat' dir='ltr'>Francorum.</span> 
     </span>
    </p>
   </div>
   <div class='ocr_carea' id='block_1_5' title="bbox 207 1566 1289 2391">
    <p class='ocr_par' dir='ltr' id='par_1_5' title="bbox 299 1566 1284 1659">
     <span class='ocr_line' id='line_1_9' title="bbox 299 1566 1284 1659; baseline 0.007 -27"><span class='ocrx_word' id='word_1_42' title='bbox 299 1566 398 1633; x_wconf 82' lang='lat' dir='ltr'>Anno</span> <span class='ocrx_word' id='word_1_43' title='bbox 440 1568 571 1634; x_wconf 87' lang='lat' dir='ltr'>Domini</span> <span class='ocrx_word' id='word_1_44' title='bbox 601 1569 779 1635; x_wconf 86' lang='lat' dir='ltr'>millesimo</span> <span class='ocrx_word' id='word_1_45' title='bbox 818 1572 1096 1659; x_wconf 81' lang='lat' dir='ltr'>quinquagesimo</span> <span class='ocrx_word' id='word_1_46' title='bbox 1131 1570 1284 1655; x_wconf 82' lang='lat' dir='ltr'>secundo,</span> 
     </span>
    </p>

    <p class='ocr_par' dir='ltr' id='par_1_6' title="bbox 256 1676 1288 1765">
     <span class='ocr_line' id='line_1_10' title="bbox 256 1676 1288 1765; baseline 0.001 -23"><span class='ocrx_word' id='word_1_47' title='bbox 256 1677 434 1753; x_wconf 90' lang='lat' dir='ltr'>Henricus,</span> <span class='ocrx_word' id='word_1_48' title='bbox 449 1694 510 1740; x_wconf 83' lang='lat' dir='ltr'>rex</span> <span class='ocrx_word' id='word_1_49' title='bbox 527 1676 746 1755; x_wconf 87' lang='lat' dir='ltr'>Francorum,</span> <span class='ocrx_word' id='word_1_50' title='bbox 773 1678 967 1745; x_wconf 90' lang='lat' dir='ltr'>conuocatis</span> <span class='ocrx_word' id='word_1_51' title='bbox 981 1677 1190 1765; x_wconf 80' lang='lat' dir='ltr'>proceribus,</span> <span class='ocrx_word' id='word_1_52' title='bbox 1208 1676 1288 1745; x_wconf 89' lang='lat' dir='ltr'>Pbi-</span> 
     </span>
    </p>

    <p class='ocr_par' dir='ltr' id='par_1_7' title="bbox 207 1782 1288 1977">
     <span class='ocr_line' id='line_1_11' title="bbox 207 1782 1288 1870; baseline -0.001 -20"><span class='ocrx_word' id='word_1_53' title='bbox 207 1796 238 1850; x_wconf 88' lang='lat'>10</span> <span class='ocrx_word' id='word_1_54' title='bbox 256 1783 394 1868; x_wconf 91' lang='lat' dir='ltr'>lippum,</span> <span class='ocrx_word' id='word_1_55' title='bbox 422 1782 526 1847; x_wconf 90' lang='lat' dir='ltr'>lilium</span> <span class='ocrx_word' id='word_1_56' title='bbox 552 1802 660 1860; x_wconf 89' lang='lat' dir='ltr'>sunm,</span> <span class='ocrx_word' id='word_1_57' title='bbox 692 1804 751 1870; x_wconf 86' lang='lat' dir='ltr'>per</span> <span class='ocrx_word' id='word_1_58' title='bbox 767 1783 979 1861; x_wconf 88' lang='lat' dir='ltr'>Geruasium,</span> <span class='ocrx_word' id='word_1_59' title='bbox 1009 1784 1211 1851; x_wconf 85' lang='lat' dir='ltr'>Remensem</span> <span class='ocrx_word' id='word_1_60' title='bbox 1233 1802 1288 1849; x_wconf 82' lang='lat' dir='ltr'>ar·</span> 
     </span>
     <span class='ocr_line' id='line_1_12' title="bbox 256 1887 896 1977; baseline 0 -24"><span class='ocrx_word' id='word_1_61' title='bbox 256 1888 514 1974; x_wconf 84' lang='lat' dir='ltr'>clniepiscopum,</span> <span class='ocrx_word' id='word_1_62' title='bbox 533 1890 612 1976; x_wconf 83' lang='lat' dir='ltr'>ungi</span> <span class='ocrx_word' id='word_1_63' title='bbox 628 1887 708 1955; x_wconf 88' lang='lat' dir='ltr'>fecit</span> <span class='ocrx_word' id='word_1_64' title='bbox 726 1891 759 1955; x_wconf 96' lang='lat' dir='ltr'>in</span> <span class='ocrx_word' id='word_1_65' title='bbox 772 1910 896 1977; x_wconf 79' lang='lat' dir='ltr'>regem.</span> 
     </span>
    </p>

    <p class='ocr_par' dir='ltr' id='par_1_8' title="bbox 256 1993 1289 2391">
     <span class='ocr_line' id='line_1_13' title="bbox 299 1993 1288 2085; baseline 0.005 -26"><span class='ocrx_word' id='word_1_66' title='bbox 299 1994 398 2060; x_wconf 71' lang='lat' dir='ltr'>:inno</span> <span class='ocrx_word' id='word_1_67' title='bbox 413 1995 544 2059; x_wconf 86' lang='lat' dir='ltr'>Domini</span> <span class='ocrx_word' id='word_1_68' title='bbox 559 1993 736 2060; x_wconf 90' lang='lat' dir='ltr'>millesimo</span> <span class='ocrx_word' id='word_1_69' title='bbox 755 1995 1031 2081; x_wconf 81' lang='lat' dir='ltr'>quinquagesimo</span> <span class='ocrx_word' id='word_1_70' title='bbox 1055 2001 1191 2075; x_wconf 82' lang='lat' dir='ltr'>octauo,</span> <span class='ocrx_word' id='word_1_71' title='bbox 1207 1994 1288 2085; x_wconf 84' lang='lat' dir='ltr'>pluit</span> 
     </span>
     <span class='ocr_line' id='line_1_14' title="bbox 256 2108 1288 2199; baseline 0.002 -26"><span class='ocrx_word' id='word_1_72' title='bbox 256 2109 394 2195; x_wconf 82' lang='lat' dir='ltr'>sanguis</span> <span class='ocrx_word' id='word_1_73' title='bbox 418 2110 452 2173; x_wconf 94' lang='lat' dir='ltr'>in</span> <span class='ocrx_word' id='word_1_74' title='bbox 474 2108 618 2195; x_wconf 87' lang='lat' dir='ltr'>quadam</span> <span class='ocrx_word' id='word_1_75' title='bbox 645 2109 786 2174; x_wconf 84' lang='lat' dir='ltr'>ecclesia</span> <span class='ocrx_word' id='word_1_76' title='bbox 814 2108 967 2194; x_wconf 71' lang='lat' dir='ltr'>dyocesis</span> <span class='ocrx_word' id='word_1_77' title='bbox 993 2109 1168 2177; x_wconf 81' lang='lat' dir='ltr'>Pariensis</span> <span class='ocrx_word' id='word_1_78' title='bbox 1193 2130 1288 2199; x_wconf 89' lang='lat' dir='ltr'>snper</span> 
     </span>
     <span class='ocr_line' id='line_1_15' title="bbox 258 2214 1289 2303; baseline 0.003 -23"><span class='ocrx_word' id='word_1_79' title='bbox 258 2216 413 2303; x_wconf 90' lang='lat' dir='ltr'>populum</span> <span class='ocrx_word' id='word_1_80' title='bbox 441 2215 632 2283; x_wconf 85' lang='lat' dir='ltr'>audientem</span> <span class='ocrx_word' id='word_1_81' title='bbox 664 2217 801 2282; x_wconf 88' lang='lat' dir='ltr'>missam</span> <span class='ocrx_word' id='word_1_82' title='bbox 831 2217 865 2281; x_wconf 96' lang='lat' dir='ltr'>in</span> <span class='ocrx_word' id='word_1_83' title='bbox 897 2216 951 2283; x_wconf 92' lang='lat' dir='ltr'>die</span> <span class='ocrx_word' id='word_1_84' title='bbox 976 2214 1289 2286; x_wconf 76' lang='lat' dir='ltr'>Omnium-Sancto·</span> 
     </span>
     <span class='ocr_line' id='line_1_16' title="bbox 256 2344 340 2391; baseline 0.024 -2"><span class='ocrx_word' id='word_1_85' title='bbox 256 2344 340 2391; x_wconf 91' lang='lat' dir='ltr'>rum.</span> 
     </span>
    </p>
   </div>
   <div class='ocr_carea' id='block_1_6' title="bbox 509 2551 1024 2641">
    <p class='ocr_par' dir='ltr' id='par_1_9' title="bbox 509 2551 1024 2641">
     <span class='ocr_line' id='line_1_17' title="bbox 509 2551 1024 2641; baseline 0.002 -21"><span class='ocrx_word' id='word_1_86' title='bbox 509 2555 561 2621; x_wconf 86' lang='lat' dir='ltr'>De</span> <span class='ocrx_word' id='word_1_87' title='bbox 576 2555 775 2641; x_wconf 82' lang='lat' dir='ltr'>imperatore</span> <span class='ocrx_word' id='word_1_88' title='bbox 792 2554 939 2623; x_wconf 83' lang='lat' dir='ltr'>Hearico</span> <span class='ocrx_word' id='word_1_89' title='bbox 953 2551 1024 2623; x_wconf 89' lang='lat'><em>111.</em></span> 
     </span>
    </p>
   </div>
   <div class='ocr_carea' id='block_1_7' title="bbox 256 2786 1288 3307">
    <p class='ocr_par' dir='ltr' id='par_1_10' title="bbox 256 2786 1288 3089">
     <span class='ocr_line' id='line_1_18' title="bbox 301 2786 1288 2877; baseline -0.004 -22"><span class='ocrx_word' id='word_1_90' title='bbox 301 2789 466 2855; x_wconf 89' lang='lat' dir='ltr'>Henricns</span> <span class='ocrx_word' id='word_1_91' title='bbox 481 2789 547 2855; x_wconf 90' lang='lat' dir='ltr'><strong>III.</strong></span> <span class='ocrx_word' id='word_1_92' title='bbox 564 2824 608 2839; x_wconf 94' lang='lat'><em>-</em></span> <span class='ocrx_word' id='word_1_93' title='bbox 623 2792 721 2855; x_wconf 63' lang='lat' dir='ltr'>:inno</span> <span class='ocrx_word' id='word_1_94' title='bbox 746 2788 877 2854; x_wconf 88' lang='lat' dir='ltr'>Domini</span> <span class='ocrx_word' id='word_1_95' title='bbox 890 2786 1068 2853; x_wconf 88' lang='lat' dir='ltr'>millesimo</span> <span class='ocrx_word' id='word_1_96' title='bbox 1082 2786 1288 2877; x_wconf 77' lang='lat' dir='ltr'>quinquage-</span> 
     </span>
     <span class='ocr_line' id='line_1_19' title="bbox 257 2892 1288 2983; baseline -0.001 -22"><span class='ocrx_word' id='word_1_97' title='bbox 257 2898 341 2962; x_wconf 87' lang='lat' dir='ltr'>simo</span> <span class='ocrx_word' id='word_1_98' title='bbox 354 2916 441 2962; x_wconf 94' lang='lat' dir='ltr'>nono</span> <span class='ocrx_word' id='word_1_99' title='bbox 454 2896 651 2983; x_wconf 89' lang='lat' dir='ltr'>imperabat.</span> <span class='ocrx_word' id='word_1_100' title='bbox 675 2898 766 2961; x_wconf 88' lang='lat' dir='ltr'>Tunc</span> <span class='ocrx_word' id='word_1_101' title='bbox 783 2894 846 2961; x_wconf 86' lang='lat' dir='ltr'>snit</span> <span class='ocrx_word' id='word_1_102' title='bbox 857 2892 1007 2961; x_wconf 85' lang='lat' dir='ltr'>lameset</span> <span class='ocrx_word' id='word_1_103' title='bbox 1021 2894 1215 2963; x_wconf 76' lang='lat' dir='ltr'>mortalitas</span> <span class='ocrx_word' id='word_1_104' title='bbox 1231 2913 1288 2983; x_wconf 90' lang='lat' dir='ltr'>per</span> 
     </span>
     <span class='ocr_line' id='line_1_20' title="bbox 256 3001 967 3089; baseline -0.01 -15"><span class='ocrx_word' id='word_1_105' title='bbox 256 3013 376 3074; x_wconf 87' lang='lat' dir='ltr'>totum.</span> <span class='ocrx_word' id='word_1_106' title='bbox 394 3004 532 3071; x_wconf 83' lang='lat' dir='ltr'>Obsedit</span> <span class='ocrx_word' id='word_1_107' title='bbox 544 3003 765 3089; x_wconf 81' lang='lat' dir='ltr'>Tyburtinam</span> <span class='ocrx_word' id='word_1_108' title='bbox 781 3001 967 3068; x_wconf 82' lang='lat' dir='ltr'>ciuitatem.</span> 
     </span>
    </p>

    <p class='ocr_par' dir='ltr' id='par_1_11' title="bbox 256 3108 1286 3307">
     <span class='ocr_line' id='line_1_21' title="bbox 300 3108 1286 3198; baseline -0.002 -19"><span class='ocrx_word' id='word_1_109' title='bbox 300 3112 363 3179; x_wconf 92' lang='lat' dir='ltr'>Illo</span> <span class='ocrx_word' id='word_1_110' title='bbox 391 3117 551 3198; x_wconf 87' lang='lat' dir='ltr'>tempore,</span> <span class='ocrx_word' id='word_1_111' title='bbox 567 3110 659 3176; x_wconf 85' lang='lat' dir='ltr'>clara</span> <span class='ocrx_word' id='word_1_112' title='bbox 679 3109 779 3177; x_wconf 88' lang='lat' dir='ltr'>stella</span> <span class='ocrx_word' id='word_1_113' title='bbox 803 3110 838 3175; x_wconf 92' lang='lat' dir='ltr'>in</span> <span class='ocrx_word' id='word_1_114' title='bbox 859 3109 1001 3175; x_wconf 90' lang='lat' dir='ltr'>circuitu</span> <span class='ocrx_word' id='word_1_115' title='bbox 1016 3108 1124 3197; x_wconf 89' lang='lat' dir='ltr'>prime</span> <span class='ocrx_word' id='word_1_116' title='bbox 1145 3108 1224 3177; x_wconf 87' lang='lat' dir='ltr'>lune</span> <span class='ocrx_word' id='word_1_117' title='bbox 1239 3110 1286 3177; x_wconf 90' lang='lat' dir='ltr'>in·</span> 
     </span>
     <span class='ocr_line' id='line_1_22' title="bbox 256 3217 772 3307; baseline -0.004 -24"><span class='ocrx_word' id='word_1_118' title='bbox 256 3240 374 3307; x_wconf 83' lang='lat' dir='ltr'>gressa</span> <span class='ocrx_word' id='word_1_119' title='bbox 389 3226 453 3298; x_wconf 86' lang='lat' dir='ltr'>est,</span> <span class='ocrx_word' id='word_1_120' title='bbox 472 3224 506 3285; x_wconf 88' lang='lat' dir='ltr'>et</span> <span class='ocrx_word' id='word_1_121' title='bbox 523 3217 670 3283; x_wconf 89' lang='lat' dir='ltr'>amultis</span> <span class='ocrx_word' id='word_1_122' title='bbox 686 3217 772 3283; x_wconf 87' lang='lat' dir='ltr'>cisa.</span> 
     </span>
    </p>
   </div>
   <div class='ocr_carea' id='block_1_8' title="bbox 205 3446 1291 4181">
    <p class='ocr_par' dir='ltr' id='par_1_12' title="bbox 205 3446 1291 4181">
     <span class='ocr_line' id='line_1_23' title="bbox 205 3446 1291 3537; baseline 0.004 -22"><span class='ocrx_word' id='word_1_123' title='bbox 205 3468 240 3525; x_wconf 62' lang='grc' dir='ltr'>ρο</span> <span class='ocrx_word' id='word_1_124' title='bbox 300 3451 530 3537; x_wconf 89' lang='lat' dir='ltr'>lllotempore,</span> <span class='ocrx_word' id='word_1_125' title='bbox 542 3448 800 3530; x_wconf 76' lang='lat' dir='ltr'>Hildebrantlus,</span> <span class='ocrx_word' id='word_1_126' title='bbox 814 3446 996 3515; x_wconf 88' lang='lat' dir='ltr'>cardinalis</span> <span class='ocrx_word' id='word_1_127' title='bbox 1004 3448 1151 3537; x_wconf 81' lang='lat' dir='ltr'>legatus,</span> <span class='ocrx_word' id='word_1_128' title='bbox 1161 3452 1196 3517; x_wconf 91' lang='lat' dir='ltr'>in</span> <span class='ocrx_word' id='word_1_129' title='bbox 1216 3450 1291 3519; x_wconf 75' lang='lat' dir='ltr'>cel·</span> 
     </span>
     <span class='ocr_line' id='line_1_24' title="bbox 256 3554 1288 3641; baseline 0.002 -18"><span class='ocrx_word' id='word_1_130' title='bbox 256 3558 310 3623; x_wconf 82' lang='lat' dir='ltr'>liis</span> <span class='ocrx_word' id='word_1_131' title='bbox 322 3558 506 3625; x_wconf 84' lang='lat' dir='ltr'>celebrauit</span> <span class='ocrx_word' id='word_1_132' title='bbox 522 3555 698 3623; x_wconf 91' lang='lat' dir='ltr'>concilium</span> <span class='ocrx_word' id='word_1_133' title='bbox 716 3563 835 3621; x_wconf 87' lang='lat' dir='ltr'>contra</span> <span class='ocrx_word' id='word_1_134' title='bbox 856 3554 1086 3641; x_wconf 76' lang='lat' dir='ltr'>symoniacos.</span> <span class='ocrx_word' id='word_1_135' title='bbox 1103 3558 1288 3627; x_wconf 82' lang='lat' dir='ltr'>Accusatus</span> 
     </span>
     <span class='ocr_line' id='line_1_25' title="bbox 257 3662 1284 3751; baseline 0.002 -22"><span class='ocrx_word' id='word_1_136' title='bbox 257 3664 320 3731; x_wconf 86' lang='lat' dir='ltr'>fuit</span> <span class='ocrx_word' id='word_1_137' title='bbox 335 3664 469 3751; x_wconf 88' lang='lat' dir='ltr'>quidam</span> <span class='ocrx_word' id='word_1_138' title='bbox 481 3666 666 3751; x_wconf 89' lang='lat' dir='ltr'>episcopus,</span> <span class='ocrx_word' id='word_1_139' title='bbox 683 3668 718 3730; x_wconf 88' lang='lat' dir='ltr'>et</span> <span class='ocrx_word' id='word_1_140' title='bbox 726 3670 843 3741; x_wconf 89' lang='lat' dir='ltr'>testes,</span> <span class='ocrx_word' id='word_1_141' title='bbox 856 3670 975 3731; x_wconf 86' lang='lat' dir='ltr'>contra</span> <span class='ocrx_word' id='word_1_142' title='bbox 991 3664 1100 3749; x_wconf 88' lang='lat' dir='ltr'>ipsum</span> <span class='ocrx_word' id='word_1_143' title='bbox 1112 3662 1284 3745; x_wconf 86' lang='lat' dir='ltr'>adductos,</span> 
     </span>
     <span class='ocr_line' id='line_1_26' title="bbox 254 3770 1285 3861; baseline 0 -22"><span class='ocrx_word' id='word_1_144' title='bbox 254 3776 395 3861; x_wconf 89' lang='lat' dir='ltr'>pecnnia</span> <span class='ocrx_word' id='word_1_145' title='bbox 421 3774 614 3858; x_wconf 82' lang='lat' dir='ltr'>corrumpit.</span> <span class='ocrx_word' id='word_1_146' title='bbox 653 3770 746 3847; x_wconf 86' lang='lat' dir='ltr'>Quod</span> <span class='ocrx_word' id='word_1_147' title='bbox 774 3792 847 3835; x_wconf 89' lang='lat' dir='ltr'>cum</span> <span class='ocrx_word' id='word_1_148' title='bbox 884 3770 1109 3839; x_wconf 85' lang='lat' dir='ltr'>intellexisset</span> <span class='ocrx_word' id='word_1_149' title='bbox 1143 3772 1285 3861; x_wconf 76' lang='lat' dir='ltr'>legatus.</span> 
     </span>
     <span class='ocr_line' id='line_1_27' title="bbox 255 3876 1289 3955; baseline 0.006 -14"><span class='ocrx_word' id='word_1_150' title='bbox 255 3880 357 3947; x_wconf 82' lang='lat' dir='ltr'>dixit:</span> <span class='ocrx_word' id='word_1_151' title='bbox 373 3912 388 3937; x_wconf 69' lang='lat' dir='ltr'>a</span> <span class='ocrx_word' id='word_1_152' title='bbox 401 3882 519 3946; x_wconf 86' lang='lat' dir='ltr'>Cesset</span> <span class='ocrx_word' id='word_1_153' title='bbox 531 3888 715 3955; x_wconf 86' lang='lat' dir='ltr'>terrenum,</span> <span class='ocrx_word' id='word_1_154' title='bbox 733 3877 898 3944; x_wconf 78' lang='lat' dir='ltr'>educatur</span> <span class='ocrx_word' id='word_1_155' title='bbox 919 3876 1083 3945; x_wconf 90' lang='lat' dir='ltr'>diuinum.</span> <span class='ocrx_word' id='word_1_156' title='bbox 1103 3878 1139 3947; x_wconf 91' lang='lat' dir='ltr'>Si</span> <span class='ocrx_word' id='word_1_157' title='bbox 1156 3885 1195 3948; x_wconf 84' lang='lat' dir='ltr'>tu</span> <span class='ocrx_word' id='word_1_158' title='bbox 1209 3900 1289 3947; x_wconf 82' lang='lat' dir='ltr'>con·</span> 
     </span>
     <span class='ocr_line' id='line_1_28' title="bbox 256 3984 1288 4075; baseline -0.005 -20"><span class='ocrx_word' id='word_1_159' title='bbox 256 4000 311 4055; x_wconf 84' lang='lat' dir='ltr'>tra</span> <span class='ocrx_word' id='word_1_160' title='bbox 332 3989 493 4075; x_wconf 86' lang='lat' dir='ltr'>Spiritum</span> <span class='ocrx_word' id='word_1_161' title='bbox 514 4008 580 4053; x_wconf 93' lang='lat' dir='ltr'>non</span> <span class='ocrx_word' id='word_1_162' title='bbox 608 3985 731 4063; x_wconf 84' lang='lat' dir='ltr'>iecisti,</span> <span class='ocrx_word' id='word_1_163' title='bbox 759 3984 852 4051; x_wconf 86' lang='lat' dir='ltr'>dicas</span> <span class='ocrx_word' id='word_1_164' title='bbox 875 4004 982 4049; x_wconf 90' lang='lat' dir='ltr'>nnnc:</span> <span class='ocrx_word' id='word_1_165' title='bbox 1000 3984 1119 4053; x_wconf 83' lang='lat' dir='ltr'>Gloria</span> <span class='ocrx_word' id='word_1_166' title='bbox 1135 3984 1232 4055; x_wconf 82' lang='lat' dir='ltr'>Puri</span> <span class='ocrx_word' id='word_1_167' title='bbox 1254 3988 1288 4051; x_wconf 84' lang='lat' dir='ltr'>et</span> 
     </span>
     <span class='ocr_line' id='line_1_29' title="bbox 257 4086 1287 4181; baseline -0.006 -22"><span class='ocrx_word' id='word_1_168' title='bbox 257 4096 341 4160; x_wconf 83' lang='lat' dir='ltr'>Filio</span> <span class='ocrx_word' id='word_1_169' title='bbox 354 4103 388 4162; x_wconf 87' lang='lat' dir='ltr'>et</span> <span class='ocrx_word' id='word_1_170' title='bbox 402 4094 542 4181; x_wconf 83' lang='lat' dir='ltr'>Spiritui</span> <span class='ocrx_word' id='word_1_171' title='bbox 555 4094 691 4161; x_wconf 85' lang='lat' dir='ltr'>Sancto.</span> <span class='ocrx_word' id='word_1_172' title='bbox 711 4090 745 4159; x_wconf 91' lang='lat' dir='ltr'>Si</span> <span class='ocrx_word' id='word_1_173' title='bbox 761 4090 955 4177; x_wconf 76' lang='lat' dir='ltr'>perfeceris,</span> <span class='ocrx_word' id='word_1_174' title='bbox 975 4088 1091 4157; x_wconf 86' lang='lat' dir='ltr'>saluus</span> <span class='ocrx_word' id='word_1_175' title='bbox 1106 4090 1166 4157; x_wconf 82' lang='lat' dir='ltr'>sis.</span> <span class='ocrx_word' id='word_1_176' title='bbox 1188 4118 1204 4147; x_wconf 76' lang='grc' dir='ltr'>ι</span> <span class='ocrx_word' id='word_1_177' title='bbox 1230 4086 1287 4155; x_wconf 86' lang='lat' dir='ltr'>lile</span> 
     </span>
    </p>
   </div>
   <div class='ocr_carea' id='block_1_9' title="bbox 0 0 1473 5046">
    <p class='ocr_par' dir='ltr' id='par_1_13' title="bbox 0 0 1473 5046">
     <span class='ocr_line' id='line_1_30' title="bbox 0 0 1473 5046; baseline 0 0"><span class='ocrx_word' id='word_1_178' title='bbox 0 0 1473 5046; x_wconf 95' lang='lat' dir='ltr'> </span> 
     </span>
    </p>
   </div>
  </div>
 </body>
</html>
