2970 5430
325 700 326 703 Ἴ
391 637 510 678 SANCTUS
526 637 586 690 tuo,
603 637 764 679 senonensis
778 637 1018 693 tncutuetscorm
1032 635 1194 678 commi.

312 781 474 838 Vndecima
488 782 586 839 tabula
598 783 726 857 loquitur
737 784 773 841 de
788 791 890 840 saneto
906 783 1012 850 Leone,
1028 781 1065 840 de
1077 780 1203 840 mmmis
1218 781 1354 856 ponti—

276 871 389 940 ficibus,
404 871 439 928 de
450 872 682 944 imperatoribus,
697 872 731 928 de
743 872 920 940 Mahometo,
933 871 969 929 de
978 870 1092 945 Eraelio
1102 871 1276 945 imperatore
1282 877 1347 926 er

277 964 311 1019 de
321 961 467 1018 Chosdroe
477 970 507 1018 et
517 978 600 1019 cruce
611 961 739 1028 Domini,
750 960 785 1018 de
796 961 911 1032 regibus
920 960 1099 1018 Francorum
1105 957 1245 1034 usquead
1254 958 1353 1015 Ks-

277 1050 369 1106 rolum
381 1066 529 1122 maguum,
542 1058 570 1107 et
582 1048 617 1106 de
628 1048 866 1124 quibusdamque
879 1049 936 1106 illio
951 1049 1130 1123 temporibus
1143 1055 1354 1108 euenerunt:

318 1229 417 1294 Auno
449 1229 490 1294 ab
519 1230 756 1324 lucarnatione
787 1229 955 1295 dominica
982 1229 1255 1316 quingentesimo
1280 1248 1354 1294 e-

275 1336 479 1420 uologesimo
505 1335 595 1399 eirca
621 1335 682 1399 heo
708 1341 873 1420 tempora,
898 1340 1036 1402 sanetus
1055 1335 1124 1401 Leo
1145 1333 1354 1423 guberna—

273 1437 332 1505 bat
359 1440 533 1506 eeclesiam
558 1441 795 1506 Sunonensem.
815 1441 955 1526 Pelagio
977 1441 1011 1506 II
1037 1441 1179 1508 uiuente
1202 1441 1354 1528 ponti—

273 1544 334 1611 fice
368 1547 607 1625 Romanorum,
639 1567 754 1633 paoem
785 1547 934 1612 Ecclesie
967 1545 1155 1613 Gallioane.
1178 1545 1342 1625 entus,

223 1666 255 1723 10
275 1653 419 1731 sobrius,
446 1655 568 1732 iustus
599 1656 686 1740 pius,
715 1660 924 1733 mansuetus,
955 1651 1074 1721 doctor
1100 1653 1326 1730 olorinorum,

274 1760 446 1846 exemplar
467 1761 720 1838 monachorum,
737 1766 871 1827 amator
884 1779 1082 1846 pauperum,
1095 1765 1194 1828 tutor
1204 1759 1324 1848 pnpil-

274 1866 395 1944 lorum,
415 1865 572 1933 defensor
587 1867 776 1945 viduarum,
791 1867 959 1945 amabilis
978 1865 1174 1948 laudabilis,
1195 1865 1313 1935 nobilis

274 1978 308 2039 et
323 1973 435 2039 clarus
448 1972 632 2040 uirtutibus
656 1974 818 2059 migrauit
832 1993 853 2038 a
869 1974 980 2039 seculo
996 1974 1117 2038 uiuens
1128 1974 1166 2039 in
1179 1972 1308 2060 xpnto.

274 2080 407 2145 Decimo
423 2079 498 2144 idus
520 2080 600 2145 maii
625 2085 741 2146 sancto
765 2079 831 2145 fine
853 2080 993 2165 quieuit.
1013 2079 1175 2165 Sepultus
1194 2078 1306 2147 tritu

274 2189 416 2255 eeclesia
430 2209 503 2267 sua,
521 2194 555 2255 et
566 2194 682 2274 postea
699 2190 734 2254 in
751 2191 992 2255 monasterium
1007 2189 1242 2259 Sancti-Petri
1257 2208 1308 2277 per

274 2295 444 2361 dominum
484 2295 707 2381 Ansegisum,
749 2295 974 2362 Senonensem
1004 2295 1306 2384 archiepiscopum,

274 2402 464 2467 translatus
480 2399 556 2468 suit.

274 2615 326 2681 De
351 2616 498 2682 romanas
518 2613 730 2700 pontificibus
745 2637 766 2680 a
788 2627 935 2702 tempore
949 2606 1064 2683 sancti
1080 2615 1199 2683 moon
1215 2636 1312 2703 usqne

340 2725 386 2790 oct
405 2735 534 2808 tempus
559 2725 676 2792 mortis
699 2724 809 2790 sancti
828 2723 986 2804 Eliberrae,
1012 2720 1255 2809 arettepecopt
1298 2729 1302 2740 '

219 2847 255 2906 20
689 2830 897 2899 Senoneusrls.

318 3049 479 3133 Tempore
503 3049 612 3114 saneti
637 3047 761 3113 Leonis
784 3052 818 3113 et
840 3067 944 3133 usque
968 3044 1011 3112 ad
1035 3050 1181 3114 mortem
1204 3045 1315 3113 moti

274 3156 583 3239 lothoniensium
600 3158 706 3223 Rome
726 3157 846 3223 summi
864 3155 1039 3242 pontifices
1054 3160 1133 3243 post
1148 3154 1317 3224 &nediu-

273 3271 343 3328 lum
364 3266 532 3351 primum:

317 3371 475 3456 Pelagius
494 3372 541 3449 ΙΙ,
564 3372 748 3437 Romanus.
761 3370 908 3437 -Sedit
923 3371 1021 3436 aunis
1038 3369 1164 3448 decem,
1185 3370 1318 3437 mensi·

267 3474 335 3545 .bus
357 3476 496 3555 duobus
523 3478 639 3543 diebus
654 3477 767 3543 decem
783 3500 791 3555 ;
813 3478 960 3543 cessauit
973 3473 1144 3542 mensibus
1160 3494 1237 3555 sex,
1249 3474 1318 3543 die·

274 3580 335 3647 bus
351 3585 495 3669 quinque
511 3591 545 3651 et
558 3585 699 3671 nigenii.
719 3585 781 3649 Illo
793 3590 956 3670 tempore,
973 3583 1093 3650 beatus
1112 3582 1316 3671 Gregorius,

273 3687 667 3776 Constantinopolitanus
684 3691 924 3778 apocrisarius
940 3689 1061 3757 sorixit
1076 3688 1182 3757 libros
1197 3687 1319 3758 Μονα-

273 3794 366 3862 lium.
1250 3794 1253 3799 ’

207 3940 212 3948 ·
317 3902 381 3968 Illo
405 3907 568 3990 tempore,
585 3910 684 3973 tanta
712 3907 903 3992 pluuiarum
933 3907 1028 3993 eopia
1055 3911 1316 3994 superterram

221 4007 361 4096 eoquod
383 4028 467 4096 aque
489 4011 732 4097 superfluentes
760 4013 974 4080 adduxerunt
1004 4014 1110 4080 Rome
1138 4018 1318 4102 serpentes

273 4123 424 4185 mortuos
438 4138 513 4184 curn
528 4118 646 4186 bestiis
658 4126 777 4188 etcum
793 4141 858 4187 vno
873 4121 1004 4207 ingenti
1016 4120 1200 4201 drachere,
1212 4119 1264 4189 ite
1276 4126 1318 4189 nt
