2918 5046
704 399 863 457 -512-

263 532 430 599 bornauit.
446 532 541 598 Fecit
556 530 697 597 Senonis
710 530 873 617 palatium
888 550 1011 596 nouum
1024 550 1103 597 cum
1114 530 1302 599 carceribus

264 640 297 703 in
316 640 411 703 curia
434 638 675 704 archidiaconi.
694 638 792 704 Anno
803 637 934 703 Domini
956 636 1138 705 millesimo
1153 637 1303 705 ducente·

265 747 350 810 simo
366 745 524 810 uicesimo
540 744 700 821 secundo,
716 750 871 830 receptus
888 742 954 810 suit
969 744 1127 811 Senonis.

310 856 408 919 Anno
424 853 555 917 Domini
576 852 754 917 millesimo
766 850 996 918 ducentesimo
1010 852 1175 917 uicesimo
1191 852 1301 929 tertio,

264 960 348 1026 obiit
361 959 548 1045 Philippus,
566 979 627 1025 rex
639 960 854 1036 uictoriosus,
870 958 926 1044 qui
942 956 1106 1045 superbos
1116 956 1303 1047 deprimens

263 1072 297 1133 et
311 1066 524 1144 conculcanS,
546 1068 644 1153 regni
657 1068 709 1131 sui
724 1065 807 1132 fines
820 1085 919 1151 quam
934 1064 1117 1152 plurimum
1132 1064 1300 1133 dilatauit.

307 1282 406 1345 Anno
414 1280 546 1345 Domini
561 1279 737 1345 millesimo
750 1278 981 1345 ducentesimo
996 1278 1161 1345 uicesimo
1170 1286 1299 1365 quarto,

264 1394 399 1454 moneta
419 1388 552 1453 comitis
568 1388 739 1473 prohibita
756 1386 832 1453 suit.

308 1494 512 1571 Ludouious,
529 1494 620 1560 filius
637 1495 795 1583 Philippi,
811 1493 926 1560 Remis
937 1500 1135 1573 coronatus,
1155 1498 1235 1583 post
1246 1488 1303 1583 ῥα·

209 1600 240 1655 10
262 1606 349 1667 trem
383 1603 566 1688 regnauit;
601 1600 748 1667 habebat
786 1621 924 1667 uxorem
944 1602 1080 1667 nomine
1105 1600 1300 1679 Blaucharn,

262 1708 364 1773 filiam
392 1709 482 1796 regis
497 1710 671 1795 Hispanie,
695 1730 738 1776 ex
762 1731 828 1796 qua
849 1712 967 1797 genuit
983 1708 1208 1789 Ludouicum,
1225 1710 1303 1777 Aur·

262 1816 431 1901 phulsum,
451 1818 613 1883 Karolum
629 1823 664 1884 ot
680 1816 877 1884 Robertum.

308 1924 370 1988 Illo
386 1934 549 2009 tempore,
576 1926 760 2011 Gregorius
783 1946 892 1991 nonus
912 1926 1129 1994 canonizauit
1153 1934 1300 1994 sanctam

263 2032 469 2117 Eiysabeth,
500 2032 603 2098 tiliam
636 2034 727 2119 regis
749 2034 914 2119 tingarie,¹
935 2034 1089 2101 relictam
1117 2034 1301 2123 lanturgiui

260 2139 457 2225 'thuringie
480 2141 549 2206 Iste
577 2140 763 2225 Gregorius
781 2142 985 2207 sententiam
1002 2146 1124 2207 contra
1147 2140 1302 2235 Frederi-

258 2268 332 2313 cum
347 2248 389 2313 ab
402 2248 553 2314 Honorio
570 2247 674 2313 latam
691 2247 878 2315 roborouit.
893 2248 1012 2315 Voluit
1025 2248 1131 2315 Rome
1152 2246 1301 2315 celebare

259 2352 435 2417 concilium
452 2352 509 2418 sed
526 2374 593 2418 non
609 2354 732 2439 potuit,
751 2354 944 2421 turbatione
961 2352 1133 2419 Frederici
1152 2354 1211 2441 qui
1234 2372 1302 2441 pre·

259 2461 347 2525 latos
359 2463 392 2524 in
411 2463 476 2525 uiis
492 2460 664 2527 detinebat
681 2470 715 2527 ct
729 2462 763 2525 in
778 2464 876 2526 mari.
898 2462 969 2527 Iste
992 2460 1181 2548 Gregorius
1197 2480 1301 2527 nonus

259 2588 318 2653 per
334 2568 572 2645 ltaimundum,
592 2567 721 2633 ordinis
734 2567 988 2634 predicatorum
1003 2566 1160 2645 fratrem,
1176 2588 1221 2635 ex
1234 2566 1302 2655 piu·

204 2676 239 2729 ‘20
259 2674 352 2741 ribus
368 2676 594 2740 voluminibus
611 2676 645 2740 in
664 2695 766 2740 unum
785 2676 940 2741 uolumen
958 2674 1149 2741 decretales
1175 2674 1300 2761 compi·

261 2781 356 2846 iauit.
376 2782 446 2847 Isto
460 2780 658 2868 Gregorius
678 2804 752 2848 cum
770 2782 812 2847 ab
837 2784 863 2847 F
865 2782 1017 2848 rederico
1041 2782 1148 2847 Rome
1170 2780 1301 2848 obside·

260 2900 365 2965 retur,
389 2890 687 2974 processionaliter
713 2888 896 2975 deportans
914 2890 1028 2975 capita
1047 2888 1297 2975 Apostolorum,

258 3018 374 3059 omues
396 2998 565 3061 Romanos
581 2996 622 3062 ad
641 3018 676 3061 se
693 3005 813 3062 contro
840 2998 1091 3083 imperatorem,
1110 2996 1168 3082 qui
1194 2996 1300 3083 patri·

259 3104 406 3167 monium
424 3104 816 3189 Ecclesiooceupauerat,
835 3104 1016 3169 conuertit.
1036 3102 1131 3177 Quod
1146 3102 1295 3185 audiens,

261 3210 459 3276 Fredericus
480 3212 632 3276 recessit.
658 3210 843 3297 Gregorius
859 3212 908 3275 IX
920 3218 1039 3297 postea
1062 3210 1159 3277 uenit
1182 3208 1297 3287 Reate,

260 3325 294 3381 ot
307 3316 351 3381 itu
369 3318 584 3382 canonizauit
599 3316 733 3383 beatum
753 3318 972 3397 Dominicum‚
996 3314 1126 3381 ordinis
1139 3314 1298 3383 Prodicu-

260 3432 370 3489 torum
386 3426 628 3493 institutorem.

303 3538 401 3601 :tuno
417 3535 548 3600 Domini
565 3534 742 3599 millesimo
761 3532 992 3599 ducentesimo
1004 3532 1166 3599 vicesimo
1189 3542 1295 3609 sexto,

258 3642 339 3709 obiit
368 3642 570 3720 bodonicus,
587 3642 676 3707 iilius
705 3642 851 3727 Philippi
868 3664 875 3719 ;
891 3642 945 3705 cui
969 3639 1134 3708 successit
1158 3638 1297 3705 Ludoui-

205 3754 238 3807 3ΙΙ
258 3774 329 3815 rus¹

300 3862 399 3923 :inno
412 3860 541 3925 Domini
560 3857 737 3921 millesimo
749 3854 980 3921 ducentesimo
991 3854 1152 3921 vicesimo
1164 3860 1293 3931 octauo,

179 4032 187 4043 ,
258 3968 319 4033 l'uir
339 3988 461 4053 magna
477 3968 653 4031 concussio
667 3978 857 4029 ventorum.

301 4076 399 4139 Anno
411 4074 543 4139 Domini
551 4072 728 4137 millesimo
741 4070 971 4137 ducentesimo
983 4070 1155 4138 tricesimo
1161 4076 1293 4155 quarto,
