2918 5046
707 432 861 488 -5pp-

266 565 422 632 comitem
444 560 625 636 Commio,
652 558 794 625 fratrem
816 558 909 647 regis
931 558 1070 647 Anglie.
1095 560 1194 637 Quod
1205 560 1306 629 ocima

264 673 382 739 multis
398 670 498 736 annis
512 666 759 756 perseuerauit.

309 780 372 845 Illo
389 784 552 864 tempore,
569 776 737 839 venerunt
751 772 893 839 Senonis
911 772 1038 839 fratres
1054 772 1304 854 Prodicum,

263 890 298 953 ot
312 885 532 951 obtinuerunt
552 883 671 960 locum,
692 880 895 947 concedente
917 879 1098 948 Galtherio
1127 880 1306 968 archiepic-

262 1011 356 1079 oopo,
369 989 523 1057 inveteri
545 988 629 1065 iuro,
644 992 679 1053 et
690 988 841 1054 Minores
859 988 901 1055 ad
924 995 1062 1075 pontem
1089 990 1249 1075 Bruiaut,
1272 994 1305 1059 et

264 1103 340 1184 post
353 1098 390 1163 in
403 1096 562 1162 suburbio
573 1095 772 1161 Senonensi.

297 1406 358 1447 Giw
370 1404 497 1457 connum,
510 1403 673 1444 SENONENSiS
688 1403 926 1457 ARCHIEPISGOPUS,
942 1404 1047 1445 mareu
1056 1404 1283 1449 ΡΙΗΙΕΕΜΙΙΙ.

296 1544 521 1617 Quadragcoima
536 1544 659 1616 septima
678 1542 775 1599 tabula
801 1542 929 1615 loquitur
947 1542 982 1599 de
1001 1542 1118 1611 Gilono,
1141 1544 1301 1605 Senonuri

262 1634 481 1706 archiepiscopo
498 1652 505 1699 ;
522 1631 557 1687 dc
571 1635 695 1688 summis
708 1632 893 1705 pontificibus
912 1632 990 1689 illiue
1005 1634 1170 1709 temporie;
1192 1634 1230 1693 de
1250 1634 1304 1707 regi

208 1702 242 1759 ¹⁰
260 1726 314 1783 bue
327 1745 334 1791 ;
346 1733 375 1780 et
384 1722 420 1781 de
431 1723 549 1795 hiisque
571 1722 629 1777 illis
642 1720 821 1793 temporibus
830 1730 992 1779 euenerunt
1001 1724 1031 1779 iu
1043 1722 1194 1793 Remmia
1204 1724 1301 1783 ualui·

260 1815 335 1871 ultra
346 1830 426 1869 mare
445 1820 475 1867 et
490 1810 567 1867 aiibi.

302 1978 400 2043 Anno
408 1975 449 2041 ab
464 1976 702 2041 incarnatione
713 1974 1066 2043 dominicamillesimo
1076 1974 1304 2047 ducentesimo

260 2084 521 2171 quadragesimo
534 2084 656 2169 primo,
671 2080 756 2147 obiit
771 2083 956 2149 Galtherus
966 2082 1123 2163 Cornuti,
1135 2084 1194 2171 qui
1205 2084 1305 2153 motta

260 2194 349 2260 bona
364 2192 444 2258 fecit
459 2191 608 2257 Ecclesia
623 2190 809 2256 senonensi
824 2212 832 2268 ;
849 2190 885 2254 in
906 2190 1027 2255 maiori
1052 2190 1200 2259 ecclesia
1212 2210 1304 2281 oepe-

260 2301 357 2367 titur.

304 2405 429 2472 Eodem
442 2424 544 2482 anno,
557 2404 645 2482 Gilo,
661 2403 770 2471 irater
785 2426 878 2482 suus,
893 2405 1020 2471 eiectus
1032 2400 1100 2473 tuit
1113 2424 1136 2471 a
1147 2404 1304 2473 maioriot

261 2513 387 2579 saniori
415 2516 512 2597 parte
551 2511 690 2597 capituli
716 2512 934 2588 Sunonensis,
964 2510 1168 2598 quibusdam
1192 2518 1302 2581 tamon

260 2620 377 2709 paucis
392 2617 716 2685 contradicentibus.
748 2617 886 2682 Domum
911 2616 998 2704 apud
1019 2616 1225 2705 Lugdunum
1249 2636 1304 2707 per

261 2724 495 2791 Innocentium
511 2744 632 2811 papam
651 2729 916 2792 consecraturet
935 2724 1063 2791 honore
1082 2726 1181 2812 pallii
1206 2724 1302 2795 dora>-

204 2828 241 2886 20
259 2842 368 2909 ratur,
397 2851 487 2898 anno
504 2832 636 2897 Domini
662 2832 838 2897 millesimo
860 2830 1091 2899 ducentesimo
1114 2832 1302 2923 quadrage·

259 2942 343 3005 simo
359 2946 501 3026 quarto;
520 2939 684 3005 eteoclem
702 2960 804 3016 anuo,
823 2960 845 3005 a
859 2940 1067 3007 monasterio
1080 2938 1301 3011 Sancti-Posti

260 3048 293 3112 in
309 3048 471 3112 maiorem
487 3046 664 3111 ecclesiam
679 3054 833 3133 receptus
856 3065 930 3113 oum
945 3046 1094 3113 maxima
1113 3048 1302 3117 revomuit

259 3159 292 3220 et
307 3154 447 3218 honora.

302 3262 401 3326 Anno
431 3261 563 3326 Domini
590 3260 769 3327 millesimo
791 3260 1021 3328 ducentesimo
1045 3262 1300 3355 quadragesimo

259 3368 386 3453 quintu,
406 3367 625 3433 Innocentius
643 3367 732 3454 apud
757 3366 956 3455 Lugdunum
974 3378 1130 3437 sanctum
1155 3372 1301 3441 Eumo-

261 3474 353 3551 dum,
372 3473 661 3561 archiepiscopum
682 3476 963 3555 Cantuarenscm,
981 3478 1016 3543 in
1031 3478 1173 3567 Anglia,
1198 3484 1299 3569 quiea·

259 3588 390 3647 contem
405 3592 439 3647 et
455 3583 628 3647 miraculis
641 3582 825 3669 fulgentem
852 3585 885 3649 in
904 3570 1112 3653 monasterio
1127 3588 1298 3679 Pontigui·

260 3690 327 3764 aci,
347 3690 577 3756 canonizauit.

303 3796 401 3861 Circa
417 3796 478 3861 hec
490 3803 655 3883 tempora,
673 3799 706 3863 in
723 3799 834 3867 reditu
850 3800 1065 3868 canonizauit
1080 3802 1170 3889 apud
1184 3804 1301 3871 Portu·

208 3903 241 3959 30
260 3905 347 3969 sium
362 3908 515 3967 sanctum
533 3906 684 3984 Petrum,
701 3914 900 3993 martyrem,
917 3908 1047 3976 ordinis
1060 3910 1209 3980 fratrum
1222 3914 1299 3981 Pro·

264 4010 466 4078 dicatorum.

305 4118 482 4194 Posthac,
510 4120 739 4201 Innocentius,
775 4130 908 4189 mortuo
941 4124 1135 4207 Fradarioo,
1162 4128 1299 4197 intrauit
