2918 5046
707 437 866 495 ..55ss-

309 574 378 637 Iste
393 570 563 635 Martinus
578 568 706 635 electus
721 568 757 633 in
774 572 965 634 senatorem
980 564 1072 647 fuit;
1095 566 1160 633 sed
1175 566 1250 635 ioco
1262 570 1312 635 sui

263 678 415 746 instituit
442 678 618 755 Karolum,
635 696 747 763 regem
771 676 895 743 Sicilie.
922 678 963 743 In
990 674 1202 743 Romauiola
1223 678 1314 745 misit

263 786 461 861 Iohannem,
476 786 631 851 comitem
645 784 686 849 de
699 784 787 869 Apia
799 804 874 849 cum
887 783 1087 849 soltanariis
1102 782 1312 872 francigenis

263 894 332 959 fere
347 894 554 979 octingentis
581 897 701 958 contra
728 892 916 958 Guidonem
940 890 982 957 do
1010 888 1233 959 Montefeltri
1257 892 1309 979 qui

262 1005 389 1065 terram
411 1000 559 1065 Ecclesie
574 999 759 1066 detinebat.

307 1110 355 1174 Eo
392 1114 558 1193 tempore,
595 1112 716 1173 exorta
744 1114 797 1173 est
827 1105 994 1171 dissensio
1030 1106 1125 1171 inter
1145 1104 1308 1173 familiam

260 1216 351 1299 regis
366 1214 484 1279 Karoli
510 1220 545 1281 et
573 1213 871 1291 Urbeueteranos3
895 1212 1038 1280 etmulti
1058 1212 1309 1283 L'rbeueteraui

261 1320 472 1399 occiduntur,
490 1318 531 1385 de
545 1320 685 1385 Francis
699 1340 765 1385 non
781 1318 946 1387 occiditur
958 1320 1064 1385 solus.

305 1536 404 1599 Anno
440 1534 573 1599 Domini
611 1533 790 1599 millesimo
828 1532 1057 1599 ducentesimo
1099 1532 1309 1619 octogesimo

212 1643 245 1702 to
262 1639 420 1716 secundo,
439 1640 542 1725 piscis
557 1641 710 1704 marinus
724 1638 924 1706 Urbeueteri
938 1638 1033 1703 uisus
1044 1646 1111 1715 est,
1134 1638 1308 1707 leo-maris

261 1752 423 1823 uocatus;
454 1747 487 1810 in
505 1747 660 1831 captione
671 1747 828 1831 planctus
849 1745 1028 1812 horribiles
1054 1746 1186 1815 emisit.
1217 1750 1308 1815 'l'uuc

260 1852 310 1917 illi
338 1853 379 1917 de
409 1853 524 1919 Sicilia
556 1854 706 1919 Francos
734 1874 808 1919 cum
836 1854 906 1919 suis
942 1854 1055 1938 pueris
1085 1860 1121 1922 et
1145 1855 1307 1922 uxorib-

260 1958 502 2045 pregnentibus
517 1959 714 2027 occiderunt
729 1962 763 2024 in
773 1964 999 2045 contemptum
1018 1960 1140 2026 Karoii
1154 1962 1262 2049 regis,
1274 1968 1307 2029 et

261 2069 399 2135 Petrum
419 2067 459 2133 de
481 2069 673 2155 Arragonia
695 2071 729 2134 in
746 2088 841 2133 suum
857 2067 1070 2135 defensorem
1083 2074 1119 2137 et
1132 2068 1305 2137 dominun

262 2181 481 2242 uocauerunt.

305 2285 352 2348 Eo
373 2294 536 2369 tempore,
564 2282 654 2349 inter
684 2284 854 2349 Romanos
878 2282 1006 2349 nobiies
1032 2282 1099 2349 fuit
1121 2282 1302 2351 dissensio:

261 2392 376 2455 L'rsini
390 2391 642 2457 transtulerunt
659 2412 695 2455 se
708 2392 921 2468 Penestrum‚
940 2391 1127 2458 Hambardi
1142 2392 1305 2461 tenebam

260 2517 295 2561 se
306 2503 425 2561 contra
436 2496 710 2573 illos,uastantes
721 2499 834 2561 omnia
844 2516 948 2581 usque
958 2494 1001 2561 ud
1013 2514 1129 2561 muros
1139 2494 1305 2565 Penestra

260 2622 334 2669 cum
351 2602 459 2668 multa
474 2604 651 2687 sanguinis
671 2600 847 2669 effusione.

205 2810 241 2867 ‘30
307 2815 369 2880 Illo
392 2822 541 2900 tempore
566 2816 652 2880 iouis
678 2818 711 2881 11
741 2818 810 2881 kal.
838 2818 931 2893 maii,
960 2816 1132 2883 Iohannes
1151 2818 1194 2885 dc
1219 2820 1305 2907 Apin

260 2928 380 2988 contra
391 2923 577 2987 Gnidonem
599 2922 640 2987 de
655 2923 865 2989 Monteseltri
889 2926 978 3010 cepit
990 2922 1135 3009 burgum
1150 2926 1303 2993 ciuitatis

261 3029 439 3105 Florilimi‚
464 3027 522 3093 sed
548 3031 663 3095 amisit
688 3030 831 3096 nobilem
851 3031 1007 3097 comitem
1038 3029 1214 3097 Thadeum
1230 3050 1303 3099 cun

262 3135 331 3199 fere
344 3137 538 3221 quingentis
554 3137 707 3203 Gallicis.

306 3243 353 3308 Eo
380 3250 529 3328 tempore
553 3246 642 3310 inter
665 3244 827 3330 Anglicos
853 3252 888 3313 et
905 3244 1069 3313 calenses
1084 3244 1303 3315 durissimum

261 3352 383 3417 bollum
400 3354 475 3419 suit.

306 3459 368 3523 Illo
399 3468 560 3547 tempore,
589 3464 623 3526 in
642 3462 803 3528 Thunitio
818 3482 942 3549 magna
954 3482 1163 3549 paganorum
1187 3466 1305 3535 multi·

261 3566 342 3633 tudo
359 3568 449 3633 inter
466 3574 597 3635 montes
614 3568 679 3634 suit
697 3568 858 3655 depressa
874 3570 1004 3635 astutia
1022 3570 1116 3637 Petri
1134 3571 1177 3638 de
1196 3574 1304 3639 Am·

262 3674 378 3759 genia,
403 3680 437 3739 et
453 3674 497 3737 ilii
518 3676 642 3761 pagani
658 3676 854 3742 occiderunt
870 3675 911 3741 de
930 3674 1089 3763 gentibus
1105 3678 1203 3747 Petri
1218 3678 1304 3749 torte

262 3782 331 3847 tria
348 3780 451 3845 milia.

207 3890 242 3946 30
307 3888 371 3952 Illo
384 3896 546 3975 temporo,
563 3890 698 3955 Tartari
710 3889 908 3957 deuicerunt
922 3891 1104 3957 Soidanum
1116 3891 1302 3970 Bubilouie,

262 4006 294 4061 ct
320 3998 421 4061 occisi
444 4004 523 4061 sunt
539 4018 748 4084 paganorum
774 3998 867 4065 ultra
889 4000 1069 4085 quinginta
1096 3998 1221 4079 miiia;
1247 3998 1303 4067 esd

263 4114 380 4189 postea
407 4103 538 4169 uiribus
565 4106 757 4193 resumptis,
789 4108 926 4173 'sartari
953 4106 1143 4175 amiserunt
1173 4106 1217 4175 de
1235 4108 1305 4175 ouis
