2918 5046
697 472 855 533 400-

256 602 345 669 sicut
368 601 512 689 predixi.
541 636 585 652 -
607 600 775 669 Gobertus
807 600 982 669 dicebatur
1006 608 1087 671 aute
1118 608 1283 690 papatum.

257 708 446 774 Monachus
487 707 552 775 suit
587 707 891 777 Sancti-Benedicti
927 708 1288 799 Floriaceusia-super·

258 814 427 901 Ligerim,
461 814 717 881 Aurelianensis
741 813 913 901 dyocesis;
948 820 1080 902 postea,
1115 817 1285 907 magister,

256 918 475 1008 philosophus
496 927 530 988 et
554 921 798 1008 nigromaticus
813 920 891 999 luit,
907 920 1101 1011 pedagogus
1124 922 1217 1011 regis
1230 922 1289 991 Rc·

256 1025 356 1103 berti,
370 1026 509 1093 Octonis
530 1028 758 1115 imperatoris,
777 1033 812 1095 at
827 1028 1020 1096 Laotharici
1037 1028 1287 1119 archiepiscopi.

257 1133 351 1200 Fecit
365 1133 560 1223 homagium
568 1134 715 1212 diabolo,
725 1141 761 1201 et
771 1133 835 1200 sibi
847 1136 962 1202 omnia
972 1133 1015 1201 ad
1028 1142 1171 1224 nuptum
1186 1156 1291 1205 succa·

256 1237 391 1319 derunt,
409 1240 496 1326 quod
510 1241 573 1307 sibi
589 1239 754 1328 dyabolus
768 1241 923 1328 promisit
943 1240 1142 1330 adimplere.
1160 1244 1241 1311 Fuit
1259 1244 1291 1311 in

255 1346 364 1431 primo
389 1348 664 1435 archiepiscopus
683 1347 872 1427 Remensis,
893 1348 1014 1415 deinde
1030 1350 1194 1417 Rauenna
1207 1350 1293 1439 epia-

256 1473 370 1541 ccpus,
392 1454 529 1522 tandem
545 1476 643 1542 papa.
670 1456 715 1521 Et
727 1462 809 1522 tunc
821 1456 967 1541 quesiuit
988 1476 1009 1521 a
1032 1454 1178 1543 dyabolo
1197 1476 1292 1544 quam

205 1557 238 1614 ¹0
256 1560 313 1627 diu
336 1562 480 1639 uiueret,
500 1566 535 1629 et
557 1561 678 1628 habuit
701 1582 899 1648 responsum
923 1560 1141 1649 quoadusque
1163 1562 1200 1629 iu
1218 1562 1294 1631 lbe-

256 1668 404 1734 rusulem
429 1667 629 1735 celebraret.
652 1669 761 1736 llulta
785 1668 873 1735 bona
890 1668 1029 1736 sciebat.
1044 1670 1141 1737 Facit
1160 1690 1295 1759 sequen·

256 1776 339 1843 tiam
358 1776 462 1841 hanc:
484 1806 499 1831 u
509 1776 624 1843 Sancti
638 1776 784 1862 Spiritus
794 1778 881 1843 assit
890 1775 987 1843 nobis
1000 1776 1149 1864 gratia·
1159 1776 1293 1844 Damam

257 1882 291 1947 in
306 1881 566 1969 quadragesima
583 1884 749 1970 processit
761 1881 802 1948 ad
818 1882 1054 1949 celebrandum
1064 1880 1108 1947 ad
1121 1882 1293 1951 ecclesiam

257 2009 320 2074 que
338 1990 507 2055 Romaest
522 1990 731 2056 Iberusalem
749 1992 935 2055 nominata.
960 1988 1005 2057 Et
1032 1988 1111 2055 dum
1133 1992 1244 2057 staret
1261 1990 1293 2055 iu

256 2096 411 2173 ecclesia,
428 2104 463 2163 et
481 2098 643 2182 trepitum
665 2095 842 2161 demonum
868 2094 1033 2161 sensisset
1064 2093 1128 2160 sibi
1154 2100 1293 2163 mortam

257 2201 388 2279 adesse,
400 2204 576 2289 suspirans
591 2203 777 2289 ingemuit;
797 2209 832 2270 et
856 2204 1012 2289 quamuis
1032 2202 1295 2271 celeratissimua

258 2316 361 2385 essct,
383 2309 559 2376 tumendo
587 2309 821 2375 misericordia
837 2310 894 2374 Dei
919 2328 985 2374 non
1010 2307 1219 2395 desperauit‚
1240 2306 1295 2375 sed

259 2416 391 2480 ueniam
415 2415 591 2501 postulans
609 2435 723 2481 coram
744 2416 835 2480 omni
866 2416 1000 2502 populo,
1026 2415 1203 2483 confessus
1231 2424 1293 2487 est.

258 2523 514 2608 Recognoscens
551 2530 681 2587 reatum
708 2530 815 2589 semet
844 2523 951 2609 ipsum
973 2522 1023 2587 sic
1048 2522 1297 2591 commendauit

204 2618 239 2674 ‘²⁰
257 2628 388 2695 dicens:
403 2658 418 2684 ι
428 2628 577 2695 Scinditc
592 2630 705 2693 omnia
719 2628 868 2693 membra
883 2648 969 2707 mea,
981 2627 1058 2694 dum
1072 2630 1164 2707 uiuo,
1179 2628 1296 2717 quibua

256 2735 451 2821 obsequium
464 2734 526 2802 feci
540 2733 701 2821 dyabolo;
717 2743 751 2804 et
762 2755 802 2801 ea
812 2736 861 2800 illi
871 2736 1037 2823 proiicite.
1052 2736 1096 2804 Et
1109 2741 1193 2804 tunc
1207 2744 1297 2805 trun·

256 2862 330 2909 cum
352 2844 502 2929 corporis
526 2843 591 2907 mei
617 2850 785 2909 mortuum
808 2840 1009 2907 animalibus
1032 2840 1075 2909 ad
1094 2842 1296 2909 trahendum

255 2952 430 3037 imponite.
444 2950 487 3016 Et
503 2949 701 3035 ubicumque
713 2950 875 3015 arrimalia
897 2968 972 3015 cum
990 2955 1111 3016 trunco
1125 2954 1293 3030 steterint,

256 3058 325 3123 illic
341 3057 518 3123 tumulate.
537 3056 630 3131 Quod
655 3064 690 3123 et
710 3058 759 3123 ita
783 3056 909 3123 lactum
932 3063 996 3124 est.
1023 3058 1195 3125 Animalia
1217 3078 1295 3125 uero

255 3168 411 3230 truncum
427 3164 553 3251 ubsque
565 3163 731 3229 conductu
746 3164 780 3228 in
795 3164 971 3231 ecclesiam
986 3164 1294 3233 Sancti-lobannis·

257 3268 501 3335 Lateranensis
525 3268 707 3345 duxerunt,
735 3276 770 3335 ct
796 3269 866 3335 illic
888 3270 1090 3336 miraculose
1112 3276 1290 3341 steterunt.

257 3375 307 3441 Ibi
321 3376 494 3463 sepelitur,
511 3376 591 3443 etin
609 3375 762 3460 sepulcro
780 3378 886 3461 ipsius
914 3378 1043 3463 scripta
1065 3376 1292 3447 misericordia

257 3490 452 3547 consecuta.
466 3482 559 3549 Sedit
571 3484 670 3547 rrnnis
683 3496 839 3568 quatuor,
857 3502 972 3549 mense
988 3504 1068 3564 uno,
1078 3483 1196 3553 dicbus
1207 3492 1288 3561 octo:

258 3592 407 3657 cessauit
422 3588 539 3656 diebus
555 3590 664 3657 tribus
679 3600 714 3657 et
726 3590 864 3657 uiuenti.
