2918 5046
686 414 848 474 „338-

297 544 369 610 Iste
401 541 557 607 dominus
589 540 733 608 Seuiuus
765 538 853 628 apud
886 540 1027 607 Romam
1060 560 1123 629 per
1156 560 1281 611 mudum

255 650 417 717 Iohannis
431 668 516 735 pape
536 648 632 726 XVI,
653 647 939 735 archiepiscopale
959 648 1099 735 pallium
1117 650 1283 739 etprim-

253 764 326 823 tum
346 758 456 824 tocius
470 756 579 822 Gallie
596 754 756 843 suscepit.

299 865 395 932 Inter
410 864 513 929 istum
541 861 727 928 Iohannem
744 861 826 927 XVI
841 864 877 929 et
895 858 1169 949 predecessorem
1185 864 1284 931 uena-

254 970 382 1038 dictum
393 970 457 1049 Vl,
475 968 631 1036 deleatur
650 968 732 1048 VII,
753 968 892 1037 suerunt
913 968 979 1036 duo
996 968 1183 1053 Iohannes,
1198 968 1286 1039 vide·

255 1077 356 1145 licet:

298 1184 468 1249 Iohannes
495 1182 591 1261 XIV,
626 1182 812 1260 Romanus,
842 1181 977 1257 -Qui
1007 1182 1096 1252 sedit
1124 1182 1286 1252 mensibus

255 1296 352 1371 octo;
367 1297 402 1359 et
426 1292 576 1358 cessauit
601 1290 698 1355 sedes
718 1289 836 1356 diebus
860 1288 986 1355 decem.
1005 1290 1071 1356 Hic
1093 1290 1130 1356 iu
1155 1288 1287 1359 metello

255 1398 511 1485 Sancti-Angeli
531 1418 591 1484 per
614 1404 761 1484 quatuor
778 1418 911 1465 meuses
930 1395 1020 1465 same
1034 1396 1187 1467 afflictus
1198 1396 1286 1465 obiit.

204 1514 237 1572 10
255 1507 424 1574 Successit
439 1507 470 1571 ei
485 1528 493 1571 :

301 1614 471 1679 lohannes
498 1613 577 1692 XV,
604 1613 790 1680 Romanus.
809 1648 854 1665 -·
872 1613 936 1689 Qui
957 1611 1047 1681 sedit
1064 1632 1183 1679 meuse
1210 1628 1287 1691 uuo;

256 1721 406 1785 cessauit
424 1719 479 1785 die
501 1739 580 1785 uuo.

301 1826 470 1892 iohannes
489 1825 572 1891 XVI
595 1828 771 1894 successit.
789 1863 833 1877 -
856 1826 920 1903 Qui
940 1825 1029 1896 sedit
1050 1828 1153 1894 annis
1169 1826 1287 1905 decen.

256 1932 427 1999 mensibus
445 1940 586 2019 septem,
607 1931 724 1998 diebus
740 1940 886 2019 quatuor
904 1956 912 2012 ;
929 1933 1080 2001 cessauit
1093 1933 1214 2002 dicbus
1224 1952 1287 1999 sex.

257 2040 430 2105 Romanus
452 2038 528 2105 suit.
554 2040 617 2105 Hic
639 2038 703 2106 fuit
717 2040 751 2103 in
765 2041 871 2105 armis
885 2040 1139 2108 eruditissimus
1162 2046 1199 2109 et
1212 2038 1291 2107 mul·

256 2154 310 2213 tos
334 2145 439 2212 libros
464 2147 663 2231 composuit.
688 2147 786 2212 Hunc
807 2145 1036 2227 crescentius,
1063 2146 1291 2236 patritiusiui·

257 2256 341 2320 tium
356 2255 583 2341 persequitur.
600 2256 662 2329 Qui
678 2253 802 2320 Urbem
813 2255 899 2321 exiit
916 2261 952 2322 et
963 2256 1109 2325 intrauit
1128 2256 1288 2323 Tusciam.

259 2359 499 2438 Postmodum,
513 2360 606 2429 facta
617 2382 710 2449 pace,
727 2362 833 2428 Rome
843 2363 1007 2449 recipitur
1017 2369 1053 2431 et
1062 2361 1109 2430 ibi
1122 2362 1290 2431 damnatus

258 2474 323 2535 est.
341 2468 531 2535 Successit:

204 2694 240 2753 20
304 2688 488 2774 Gregorius
504 2688 547 2765 V,
565 2687 666 2753 Saxo.
690 2724 731 2739 -
747 2688 842 2756 Sedit
857 2690 957 2754 aunis
970 2686 1114 2769 duobus,
1131 2686 1293 2757 meusium

262 2818 355 2874 sex;
388 2798 537 2862 cessauit
570 2796 688 2861 diebus
718 2794 923 2882 quindecim.
956 2796 1072 2862 Bruuo
1102 2794 1292 2871 uocabatur.

259 2903 531 2989 consanguineus
560 2902 699 2969 Octouis
717 2904 760 2981 11,
787 2902 1014 2989 imperatoris.

305 3008 743 3090 IohannesXVILGrecus.
758 3046 803 3061 ·-
818 3008 933 3075 Nichii
950 3006 1031 3075 iecit
1045 3007 1080 3073 in
1090 3012 1227 3095 papatu.
1237 3000 1296 3083 Qui

261 3118 348 3185 male
363 3116 508 3183 intrauit
522 3135 582 3201 per
595 3116 839 3193 Crescentium,
855 3115 958 3181 Urbis
967 3112 1152 3191 consulem,
1166 3112 1298 3179 uiuente

260 3224 425 3309 Gregorio
450 3223 494 3288 V.
522 3222 647 3287 Parum
669 3227 747 3309 post
771 3223 1010 3309 imperatorem
1035 3224 1218 3287 excecatus
1234 3218 1296 3285 ee

263 3330 427 3397 Defuncto
452 3330 567 3416 itaque
589 3329 756 3417 Gregorio
782 3328 827 3410 V,

305 3560 468 3629 Silvester
493 3560 527 3625 11
554 3562 729 3629 successit.
746 3560 910 3637 -Quem
934 3560 1067 3649 predixi
1087 3558 1297 3639 monachum,

263 3668 550 3753 archiepiscopum
567 3666 756 3755 depositum
777 3668 904 3747 Remis,
921 3669 1113 3757 episcopum
1129 3668 1299 3745 Rauenna,

262 3778 472 3870 pedagogum
491 3778 630 3841 (iciunis
655 3777 884 3863 imperatoris,
915 3776 1056 3844 lieberti
1077 3776 1170 3865 regis
1194 3776 1300 3843 Frau-

211 3904 245 3963 30
264 3906 378 3955 corum
402 3887 437 3949 ot
451 3883 643 3951 Leotherici
664 3884 818 3951 canonici
833 3884 1051 3963 Senonensis,
1068 3888 1147 3973 post
1169 3882 1300 3951 archio-

287 4014 356 4060 rsco
380 4015 402 4057 ι.

264 4018 285 4083 p
310 4015 555 4167 Adpdominum
576 4097 749 4180 Seuinum,
765 4098 858 4167 etad
883 4118 925 4167 ea
941 4118 1006 4187 que
1020 4098 1057 4167 iu
1071 4098 1227 4181 Frontis.
1242 4112 1301 4167 suo
