2918 5046
683 402 843 459 -408-

253 526 514 613 pulcherrimum
528 528 659 605 videns,
673 532 858 618 imperator
867 530 976 597 uoluit
990 530 1080 599 scire
1090 530 1165 619 quis
1177 532 1264 597 esset.

252 633 313 700 Cui
326 634 395 700 dux
406 635 584 704 veritatem
595 636 688 705 dicit.
705 636 1118 723 Tuncimperatoragnito
1129 632 1271 723 quomodo

252 743 412 809 inuentus
438 741 549 812 suerat
572 742 697 822 inians,
714 741 825 811 dixit:
854 742 937 809 ·Ex
963 742 1127 831 progenie
1142 742 1268 831 possim

253 854 317 927 est,
330 848 388 916 sed
399 848 538 936 pulcher
548 855 582 918 et
598 849 681 916 bene
698 852 862 929 seruiens,
877 850 985 938 ipsum
997 870 1109 915 meum
1121 848 1268 917 constitu

254 954 471 1022 seruientem.
489 985 504 1011 n
537 955 716 1043 Cogitabat
743 957 833 1023 enim
867 958 976 1044 ipsum
1008 954 1163 1044 perdere.
1196 956 1268 1023 rm

253 1062 401 1148 precepit
417 1063 600 1149 imperator
611 1068 647 1131 ut
659 1084 742 1151 puer
754 1063 796 1129 ad
811 1065 1061 1152 imperatricem
1072 1064 1268 1151 littaraspor-

254 1172 305 1235 tet
321 1174 356 1235 et
373 1167 515 1235 tradidit
529 1168 560 1233 ei
575 1167 790 1237 conductum.
809 1170 849 1236 ln
864 1170 990 1237 litteris
1002 1168 1268 1239 continebatur

255 1275 339 1340 uisis
354 1274 480 1341 litteris
503 1274 724 1342 occideretur.
754 1277 847 1342 Tunc
870 1296 953 1365 puer
967 1276 1036 1343 iter
1052 1276 1195 1364 arripuit
1211 1294 1266 1343 cun

255 1380 442 1462 conductu;
464 1383 665 1468 amissisque
690 1384 792 1449 sociis
817 1383 877 1449 Dei
908 1381 1099 1461 uoluntate,
1135 1382 1170 1448 in
1192 1378 1267 1447 dono

207 1500 239 1559 lb
255 1487 429 1554 cuiusdam
444 1488 634 1575 presbyteri
653 1490 880 1575 pernoctauit.
898 1487 1096 1576 Laborequc
1110 1506 1268 1577 pragma-

256 1603 324 1675 tus,
343 1616 443 1685 super
459 1616 632 1663 scamnum
648 1594 846 1664 dormiebat.
865 1596 958 1663 ‘l'unc
971 1594 1164 1684 presbyter,
1175 1592 1268 1661 uidua

257 1702 464 1769 marsubium
478 1704 590 1789 inquo
605 1702 718 1771 littere
728 1700 1002 1781 continebantur,
1015 1700 1154 1769 litteras
1165 1700 1270 1789 oepitot

257 1809 352 1897 legit.
371 1808 500 1876 Videns
522 1829 603 1875 uero
621 1816 765 1877 mortem
791 1811 899 1897 pueri,
919 1808 1087 1897 cogitauit
1108 1828 1182 1875 assa
1197 1804 1268 1873 illm

258 1936 397 2003 puerum
419 1915 459 1981 de
487 1935 551 2002 quo
567 1917 752 2004 imperator
776 1934 889 1981 coram
912 1935 948 1980 sc
972 1914 1150 1983 confessus
1170 1912 1268 1983 luerat

259 2023 313 2089 Illi
331 2022 509 2110 siquidem,
539 2025 594 2109 qui
623 2023 785 2090 occidisse
810 2042 949 2111 puerum
965 2022 1164 2107 debuerant,
1185 2018 1269 2088 adm

259 2130 457 2219 presbytero
468 2132 613 2197 confessi
624 2130 772 2197 lucrant.
791 2130 990 2218 intelligens
1000 2128 1110 2197 bonus
1119 2126 1272 2219 presbyt&

259 2239 367 2325 ipsum
385 2255 524 2324 puerum
541 2257 615 2305 esse
627 2238 730 2324 pium,
747 2243 782 2304 et
796 2238 1011 2325 imperatoris
1029 2238 1064 2303 in
1088 2234 1210 2305 litteris
1227 2250 1273 2319 ap·

260 2345 373 2432 posuit
398 2344 471 2409 loco
495 2345 639 2411 mortis:
666 2345 790 2409 »Visis
811 2343 936 2411 littoris
960 2342 1068 2409 eidem
1091 2341 1195 2410 tiliam
1210 2356 1274 2407 not·

260 2458 348 2519 tram
365 2451 457 2527 date,
473 2456 508 2517 et
524 2449 727 2519 festinanter
741 2453 877 2539 nuptias
897 2449 1010 2519 facite.
1029 2480 1043 2508 ι
1061 2444 1275 2537 Presbyterin

205 2578 242 2636 πο
261 2557 433 2624 marsubio
460 2558 555 2644 pueri
587 2557 721 2625 litteras
748 2559 943 2625 melioratas
972 2558 1098 2646 posuit,
1129 2560 1166 2625 et
1198 2566 1279 2623 nrm

261 2665 364 2743 lactc,
384 2664 492 2751 ipsum
510 2666 544 2729 in
563 2666 652 2731 uiam
678 2666 794 2752 posuit
808 2664 922 2730 diceus
939 2664 970 2729 ei
988 2684 996 2729 :
1026 2694 1042 2721 ι
1058 2664 1108 2731 Tu
1131 2682 1194 2731 rex
1212 2658 1277 2739 eris,

259 2777 334 2840 esto
350 2772 471 2839 tidelis.
488 2802 502 2827 ι
520 2774 580 2839 Cui
594 2792 700 2860 puer:
721 2802 735 2827 u
748 2772 826 2837 Non
843 2791 915 2836 sum
930 2769 1177 2859 dignusregem
1188 2766 1281 2837 nonl-

261 2899 355 2956 nare,
383 2878 548 2966 quomodo
570 2878 654 2945 dicis
672 2899 724 2944 mc
749 2898 862 2965 rogem
878 2876 1039 2945 futurum.
1067 2879 1196 2945 Tamen
1214 2890 1282 2967 puer

260 2988 365 3056 uerba
376 2986 572 3056 conterebat
587 2988 621 3051 in
644 2986 744 3052 corde
760 3005 832 3051 suo.
850 2986 944 3051 Tunc
962 3004 1081 3071 puera
1098 2984 1282 3073 presbyten

261 3098 412 3165 recessit
433 3098 517 3162 Dum
538 3114 619 3160 uero
646 3094 801 3180 peruenit
825 3092 867 3159 ad
885 3092 1050 3180 raginam,
1078 3092 1200 3179 regina
1211 3088 1285 3157 uisis

262 3205 388 3271 litteris
416 3220 519 3289 puoro
547 3199 650 3265 filiani
665 3199 820 3276 tradidit,
842 3205 878 3266 et
898 3196 1199 3267 matrimonialiter
1214 3214 1288 3265 cou-

262 3310 385 3376 iunxit.
412 3308 483 3383 Quo
507 3305 634 3383 audito,
664 3307 850 3393 imperator
874 3304 1060 3394 obstupuit,
1079 3310 1115 3373 et
1141 3304 1185 3373 ad
1205 3302 1290 3393 rogi·

262 3437 340 3481 nam
356 3416 422 3482 iter
439 3414 606 3500 arripuit;
626 3433 766 3499 cunique
781 3414 993 3499 peruenisset
1014 3411 1057 3479 ad
1077 3412 1244 3501 reginam,
1260 3412 1290 3477 el

262 3525 335 3611 ipsa
351 3543 465 3589 coram
486 3523 557 3609 ipso
581 3528 616 3589 et
637 3522 707 3588 filia
730 3529 765 3588 et
791 3540 895 3607 gener
912 3520 1102 3597 stetissent,
1118 3517 1291 3605 vidensque

208 3638 242 3695 30
262 3634 447 3717 imperator
468 3631 623 3696 iuuenem
641 3634 679 3696 ut
693 3628 863 3716 angelum,
875 3626 959 3695 dicit
976 3647 984 3692 ε
1004 3654 1020 3681 ·
1035 3624 1160 3691 Nullus
1182 3628 1292 3713 potans

263 3738 329 3802 nisi
346 3738 445 3803 Deus.
464 3736 611 3802 Perdere
625 3742 660 3802 te
678 3735 786 3813 uolui;
805 3733 863 3799 sed
882 3754 949 3800 non
968 3731 1075 3821 potui.
1093 3760 1109 3787 n
1125 3728 1187 3799 Cui
1204 3730 1293 3797 iuue-

262 3846 316 3909 nis
333 3865 341 3909 :
361 3872 376 3899 a
405 3841 433 3908 Ο
460 3842 546 3908 lione
572 3843 768 3928 imperator,
791 3842 819 3905 si
846 3840 940 3906 vobis
966 3837 1140 3927 displiceo,
1159 3840 1292 3927 paratus

263 3982 278 4007 ι
294 3971 367 4017 sum
382 3948 562 4037 quidquam
583 3948 679 4015 uobis
696 3947 860 4034 placuerit
880 3946 1055 4033 pacienter
1081 3944 1291 4013 sustinere.-

260 4058 311 4125 Λᾶ
327 4078 422 4145 quem
448 4075 535 4121 rex:
564 4086 579 4111 a
599 4056 666 4123 Deo
692 4054 804 4144 places
832 4058 867 4122 et
890 4053 972 4120 mihi
995 4050 1158 4141 placebis.
1185 4050 1294 4117 Gener
