2970 5430
726 469 887 526 -162-

274 619 350 677 nus,
367 597 565 684 dampnauit
582 596 721 663 Petrum
745 593 964 662 Alexandria.
984 594 1058 660 Hoc
1080 592 1236 681 grauiter
1252 612 1310 681 ge-

272 725 364 784 rens,
377 724 464 790 papa
480 701 656 769 mandauit
675 703 865 780 concilium,
889 703 924 767 in
946 719 1010 787 quo
1029 700 1157 767 dictum
1174 698 1310 767 Petrum

272 806 411 901 propter
430 810 577 877 heresim
608 815 642 876 et
670 811 860 896 episcopum
881 813 1019 896 propter
1040 805 1214 874 audatiam
1235 805 1334 900 quia·

272 920 382 1005 ipsum
405 918 544 985 Petrum
564 921 785 983 reuocauerat
809 920 947 1001 propter
975 912 1310 1000 condempnationem
1342 990 1346 1005 ι

272 1024 383 1092 dictus
406 1024 595 1111 episcopus,
629 1021 902 1108 condempnauit.
932 1021 1044 1088 Etiam
1070 1019 1156 1088 duos
1181 1018 1311 1108 legatos

272 1128 488 1217 presbyteros
511 1128 783 1215 condempnant,
805 1130 885 1214 quia
906 1149 965 1215 per
980 1130 1220 1216 imperatorem
1244 1145 1333 1206 cor·w

272 1237 363 1324 rupti
387 1235 524 1304 fuerant
541 1237 694 1322 peccunia.
723 1237 879 1304 Instituit
905 1241 943 1303 ut
967 1241 1147 1305 accusatus
1172 1233 1315 1303 haberet

271 1343 421 1410 indutias
434 1341 669 1429 respondendi.

315 1450 471 1519 Gelasius
492 1451 520 1527 Ι,
543 1448 648 1529 Affer,
672 1454 812 1517 sanctus
827 1449 1012 1516 confessor.
1030 1483 1075 1500 ·-
1092 1445 1191 1516 Sedit
1216 1446 1316 1515 annis

220 1564 254 1620 10
272 1563 428 1644 quatuor,
442 1555 611 1621 mensibus
622 1559 710 1633 octo,
723 1553 840 1621 diebus
852 1551 1314 1623 decem.Cessauitdiebns...

272 1665 337 1731 Hic
348 1663 429 1732 fecit
450 1663 634 1740 orationes,
648 1667 829 1741 tractatus,
847 1662 992 1748 hymnos
1008 1661 1097 1727 sicut
1114 1658 1317 1728 Ambrosius

272 1774 307 1836 et
325 1767 546 1855 prefationem
562 1767 689 1837 misse:
711 1765 945 1851 Veratianum
967 1776 1000 1833 et
1027 1765 1151 1860 iuratum
1171 1775 1235 1834 est.
1253 1764 1317 1834 1110
1356 1818 1360 1826 .

271 1880 423 1960 tempore
454 1874 627 1940 inuenitur
654 1873 763 1958 cripta
787 1874 897 1940 sancti
918 1870 1112 1950 Michaelis;
1139 1870 1318 1938 inuenitur

272 1999 393 2066 corpus
410 1981 520 2046 sancti
536 1979 691 2045 Barnabe
719 1986 844 2048 etcum
874 2001 914 2047 oo
936 1980 1175 2066 euuangelium
1204 1977 1317 2046 sancti

271 2071 413 2155 Mathai.
442 2088 577 2167 Auitus,
615 2089 790 2175 episcopus
821 2089 1041 2167 Viannensis‚
1073 2087 1133 2154 illo
1161 2092 1318 2175 tempora

273 2193 422 2263 defendit
436 2195 579 2261 Galliam
596 2194 637 2259 ab
652 2193 764 2260 heresi
781 2197 930 2261 arriana.

316 2407 520 2473 Anastasius
551 2406 598 2478 11.
632 2406 816 2481 Romanus.
846 2406 1008 2474 -Sedit
1034 2406 1134 2472 annis
1167 2403 1313 2486 duobus,

273 2513 443 2578 mensibus
470 2511 656 2590 duodecim,
689 2512 806 2580 diebus
836 2520 912 2581 octo
935 2520 971 2582 et
998 2513 1125 2580 decem.
1156 2513 1317 2587 cessauit

273 2618 390 2685 diebus
419 2639 551 2686 nouem.
584 2619 726 2694 Quidam
752 2622 869 2689 dicunt
896 2623 999 2689 istum
1021 2622 1210 2689 hereticum
1235 2622 1316 2709 quia

219 2728 255 2786 ⁴20
273 2723 441 2790 hereticos
456 2723 718 2811 condempnatos
732 2748 894 2794 reuocare
902 2729 1027 2807 voluit;
1039 2728 1096 2795 sed
1106 2747 1174 2795 non
1188 2727 1312 2816 potuit.

272 2831 525 2899 contradicente
536 2833 689 2899 Romana
703 2835 866 2902 Ecclesia.
882 2836 946 2902 llic
957 2837 1196 2917 constituitne
1212 2834 1312 2905 cleri·

273 2961 332 3008 cus
359 2940 504 3008 offitium
527 2942 805 3027 pretermitteret.
825 2943 1046 3010 Anastasium
1071 2943 1314 3030 imperatorem

272 3049 587 3115 excommunioauit.
602 3048 771 3117 Intestina
785 3046 1221 3136 emittendoperinferiona,
1229 3047 1315 3116 obiit

272 3156 337 3223 iste
355 3175 454 3242 papa.

315 3262 515 3349 Symachus,
528 3261 667 3342 Sardus,
692 3269 830 3331 sanctus
852 3261 1038 3331 consessor.
1052 3297 1096 3315 -
1108 3261 1315 3331 Seditannis

272 3369 473 3457 quindecim,
504 3369 674 3435 mensibus
700 3374 841 3456 septem,
870 3369 989 3436 diebus
1018 3375 1095 3437 octo
1118 3373 1154 3438 et
1175 3367 1314 3449 decem

272 3480 420 3546 cessauit
429 3477 546 3544 diebus
562 3482 701 3564 septem.
719 3475 831 3543 Glorr'u
843 3477 878 3543 in
891 3476 1026 3543 excelcis
1044 3477 1114 3543 Deo
1132 3474 1315 3544 constituit

272 3606 405 3652 canere.
423 3585 490 3653 Sub
509 3585 724 3652 contentione
740 3585 917 3652 ordinatus
932 3589 996 3652 est.
1021 3584 1164 3671 Legitur
1177 3584 1215 3649 in
1230 3580 1315 3648 Dia·

248 3770 254 3783 .
271 3693 348 3781 logo
363 3691 449 3780 quod
468 3692 686 3770 Paschasius,
704 3691 800 3759 Sedis
824 3692 1017 3779 Apostolice
1033 3688 1210 3768 diaconus,
1226 3706 1315 3776 pau·

220 3808 387 3889 superum
407 3804 552 3876 amator,
571 3798 720 3864 moribus
746 3799 877 3886 plenus,
895 3799 979 3865 obiit
992 3797 1053 3863 illo
1074 3794 1315 3884 temperandi

271 3907 362 3994 parti
374 3903 549 3971 Laurentii
559 3910 777 3971 consenserat
790 3924 916 3971 amore.
933 3901 1155 3970 Tuncbeatus
1167 3900 1313 3973 Germa·

271 4033 335 4079 nus
346 4011 543 4100 CapuensiS,
560 4030 662 4076 causa
677 4010 880 4090 medicinali,
895 4012 959 4079 iuit
968 4011 1010 4077 ad
1024 4011 1145 4078 balnea
1164 4010 1315 4079 internis

271 4107 420 4211 angulis.
433 4119 477 4186 Et
494 4117 540 4184 ibi
557 4115 790 4198 Paschasium,
802 4119 838 4186 in
853 4117 1021 4186 caloribus
1034 4123 1195 4199 stantem,
1213 4119 1315 4187 ioue
1360 4153 1367 4170 ·
