2970 5430
702 507 859 565 „290-

265 640 434 706 Coliseum
446 644 481 705 et
494 637 669 703 ecclesiam
684 633 998 701 Sancti-Clementis
1012 632 1314 723 peperit-etmulef

267 744 411 810 moritur
424 743 483 808 illa
502 742 599 818 hora,
614 747 650 808 et
668 741 713 807 ibi
731 741 931 807 tumulatur.
953 743 997 810 Et
1011 741 1136 808 idcirco
1150 740 1306 808 dominus

267 873 353 938 papa
366 870 497 936 semper
510 849 551 915 ab
566 849 626 914 illa
642 849 700 914 uia
712 848 871 915 declinat.
891 850 964 916 Ista
979 855 1101 916 uocatu
1114 847 1230 914 fuit'in
1247 866 1306 935 pe·-

267 964 348 1044 patu
375 958 556 1024 Iohannes.
586 955 680 1022 Sedit
700 956 799 1020 annis
820 955 962 1034 duobus,
976 955 1150 1022 mensibus
1165 961 1303 1043 septeni,

267 1064 384 1130 diebus
396 1070 558 1150 quatuor;
576 1064 724 1130 cessauit
738 1070 881 1149 papatus
893 1083 1009 1128 mense
1027 1082 1106 1129 uno.
1128 1063 1211 1130 Non·
1224 1062 1306 1129 scri·

268 1171 359 1238 bitur
380 1172 471 1237 inter
494 1177 624 1237 ceteros
649 1176 787 1257 propter
810 1169 1038 1256 deceptionem
1066 1188 1180 1235 sexus.
1214 1167 1319 1235 Uu'dc'

268 1278 392 1344 dicitur
404 1277 491 1363 quod
516 1279 659 1344 Romani
683 1279 718 1342 in
734 1277 1010 1344 consuetudinem
1025 1281 1210 1345 traxerunt
1230 1292 1307 1365 pro·

269 1385 349 1451 bare
364 1405 465 1450 sexus
481 1385 579 1451 electi
594 1405 654 1471 per
671 1385 824 1450 foramen
840 1384 1002 1451 cathedre
1016 1383 1159 1471 lapidee.

317 1812 519 1881 Benedictus
530 1815 1056 1892 IlI,Romanns.-Seditannis
1068 1813 1307 1892 duobus,m·en·

219 1928 251 1985 lu
272 1919 364 1986 sibus
379 1922 545 2007 quinque;
563 1929 597 1989 et
620 1924 768 1989 cessauit
783 1922 900 1988 diebus
923 1921 1163 2009 quadraginta.
1179 1920 1308 1987 Consti·

271 2027 337 2093 tuit
354 2026 590 2097 dehonestate
608 2030 818 2095 clericorum.
842 2030 907 2095 Hic
926 2029 1136 2097 restauranit
1160 2026 1308 2115 porticus

273 2132 434 2219 quosdam
453 2135 567 2202 Urbis.

317 2242 503 2308 Nicholaus
518 2244 548 2322 1,
567 2245 752 2310 Romanus.
772 2279 812 2295 ·-
830 2244 925 2312 Sedit
940 2245 1040 2310 annis
1055 2262 1189 2322 nouem,
1214 2258 1310 2307 mon·-

274 2348 367 2413 sibus
379 2349 521 2428 duobus,
541 2349 658 2416 diebus
674 2353 798 2419 nicenti
814 2374 821 2430 ;
840 2352 987 2418 cessauit
1001 2351 1101 2416 annis
1115 2357 1204 2427 octo,
1222 2366 1311 2415 men·

272 2455 364 2521 sibus
381 2463 521 2543 septem,
540 2456 657 2522 diebus
672 2458 868 2525 octodecim.
892 2458 956 2522 Hic
971 2456 1037 2524 luit
1059 2457 1306 2524 sanctissimae

315 2563 378 2628 Illo
392 2570 555 2651 tempore,
574 2564 639 2631 suit
654 2584 778 2651 magna
790 2571 975 2651 tempestas
989 2563 1126 2630 colonie
1141 2561 1185 2628 ad
1200 2562 1320 2629 instar·

271 2670 361 2757 ignei
377 2670 561 2738 drachonis
577 2674 611 2737 in
629 2672 770 2738 basilica
786 2671 1029 2738 Sancti-Petri.

316 2871 444 2957 Corpus
472 2873 581 2938 sancti
605 2870 802 2969 Clementis,
835 2872 892 2937 illo
916 2876 1080 2957 tempere,
1106 2868 1309 2937 translatum

273 2976 338 3045 suit
354 2979 460 3044 Rome
472 2978 513 3043 de
528 2978 690 3045 Cersona.

219 3086 255 3142 ‘20
317 3085 380 3151 illo
397 3094 558 3172 tempore,
586 3092 724 3153 sanctus
746 3085 884 3152 Cirillus
906 3084 1068 3171 sepelitur
1088 3104 1192 3172 prope
1213 3100 1312 3149 sanc·

273 3200 343 3258 tum
361 3192 579 3270 Clementem,
598 3199 633 3259 et
649 3193 823 3258 miraculis
839 3192 1031 3258 choruscat.

379 3354 510 3420 Iterum
526 3356 567 3421 de
583 3355 739 3422 Lethario
754 3356 953 3440 imperatore
967 3354 1204 3422 Romanorum.

319 3499 489 3565 Adrianus
505 3501 538 3566 11
553 3501 738 3566 Romanus.
755 3537 797 3548 -
810 3499 903 3566 Sedit
916 3499 1016 3565 aunis
1030 3499 1192 3586 quinque.

320 3607 503 3673 Lotharius
527 3610 541 3674 1
565 3609 655 3675 circa
671 3630 779 3675 annos
800 3609 934 3676 Domini
957 3607 1259 3696 octingentesimus
1281 3613 1316 3675 ct

275 3714 553 3802 quadragesimos
574 3717 774 3803 imperabat.

322 3824 384 3889 lllo
401 3829 564 3910 tempore,
581 3824 760 3890 Sarraceni
776 3826 917 3892 Romam
933 3845 1007 3890 cum
1031 3822 1185 3889 ecclesiis
1197 3826 1317 3890 nutu-

277 3937 401 3997 uerunt
417 3935 451 3996 et
476 3921 657 3997 redeuntes
681 3931 752 3998 alta
767 3932 885 4018 pelago
903 3951 1000 4018 prece
1015 3929 1125 3996 sancti
1141 3929 1269 3996 Leonis
1286 3929 1317 3996 V

278 4039 463 4124 perierunt.

323 4143 386 4210 Illo
405 4149 568 4235 temporo,
583 4144 772 4216 Normanni
785 4145 826 4212 de
840 4146 926 4211 mari
939 4164 1000 4235 per
1015 4143 1164 4232 Ligerim
1186 4140 1318 4209 Gallius
