2918 5046
686 485 715 493 —
735 452 841 511 nla-

256 583 397 669 gemmis
414 586 582 660 ornatam,
602 585 721 648 sancto
738 581 935 659 Sauiniano‚
959 582 993 647 in
1012 600 1080 669 qua
1094 580 1203 669 posita
1214 576 1280 645 ina-

255 696 337 757 runt
362 690 501 776 relique,
523 696 643 758 octauo
669 688 832 757 kalendas
847 687 1058 777 septembris.
1074 688 1118 756 Et
1141 683 1200 753 illa
1218 682 1277 763 dic,

255 795 360 863 multe
386 796 577 863 curationes
603 801 802 875 euenerunt,
831 817 908 863 nam
932 816 1013 864 ossa
1039 796 1152 865 sancti
1175 794 1278 863 lanata

256 901 393 969 luerunt
407 903 541 981 inuino,
552 906 587 970 et
601 902 744 970 infirmis
753 901 1013 990 pociodabutur,
1022 906 1058 971 et
1069 902 1274 971 curabantur.

255 1009 397 1084 Quidam
418 1030 515 1075 cecus
539 1009 585 1076 ibi
608 1011 734 1098 recepit
750 1010 861 1076 lumen
877 1008 1081 1077 occulorum.
1097 1010 1142 1079 Et
1160 1006 1274 1097 pluuia,

256 1118 329 1204 ipsa
349 1116 415 1195 die,
440 1117 677 1185 habundanter
702 1117 888 1196 descendit,
914 1116 1010 1183 cuius
1030 1114 1183 1186 desectus
1199 1120 1273 1193 orat.

256 1224 334 1309 quia
351 1242 417 1289 non
430 1223 564 1311 pluerat
579 1223 744 1290 aPascha
761 1243 864 1309 usque
876 1220 920 1289 ad
931 1221 1020 1289 diem
1036 1222 1272 1291 translationis.

255 1330 498 1396 Monasterium
523 1330 746 1397 Sancti-Petri
763 1329 926 1417 repletum
948 1333 1002 1397 est
1021 1348 1084 1417 per
1103 1327 1272 1417 quindacln

255 1436 327 1502 dies
347 1435 448 1502 odore
465 1437 679 1514 saeuissime,
694 1437 750 1523 qui
763 1434 905 1502 infirmis
926 1434 973 1501 ibi
993 1436 1206 1505 uenientibus
1220 1436 1273 1507 lni-

205 1565 236 1621 10
256 1542 390 1621 buebat,
407 1562 468 1630 per
486 1543 558 1609 dies
570 1544 647 1610 illus
662 1543 864 1631 quindecim,
879 1542 1074 1611 sanitatem.

419 1969 470 2039 De
491 1984 601 2040 morte
616 1972 784 2053 Faltoni,
800 1970 942 2058 episcopi
955 1982 988 2039 et
1003 1982 1128 2041 cetera.

300 2205 398 2269 durno
413 2205 545 2271 Domini
566 2206 743 2272 millesimo
769 2206 897 2275 decimo
922 2210 1078 2296 septimo,
1104 2208 1188 2279 obiit
1206 2206 1272 2277 Ful·

256 2309 372 2376 bertus
392 2317 540 2396 sanctus,
568 2314 838 2400 sapientissimus
857 2315 1032 2403 episcopus
1057 2314 1270 2387 Carnotanaia

547 2529 599 2595 Dc
611 2540 720 2597 morte
740 2528 888 2610 deberit,
904 2530 1003 2615 repis.

302 2746 399 2813 Anno
415 2747 547 2814 Domini
564 2745 741 2811 millesimo
753 2745 925 2812 tricesimo
936 2746 1058 2832 primo,
1067 2744 1153 2815 obiit
1163 2742 1274 2815 Raban-

259 2859 313 2919 tus
326 2874 400 2932 rex,
422 2854 488 2919 iam
502 2857 667 2940 regnante
680 2852 840 2929 Henric0‚
859 2850 1011 2919 filiosuo.

445 3066 495 3133 De
509 3076 618 3134 morte
638 3063 834 3145 Leotlaerica',
850 3064 1099 3151 arcaiepiscopi.

303 3284 402 3349 drino
415 3282 547 3347 Domini
559 3281 736 3347 millesimo
753 3280 925 3348 tricesimo
940 3279 1100 3361 secundo,
1116 3280 1199 3351 obiit
1210 3278 1277 3347 lae

261 3390 422 3467 thericus,
445 3389 649 3456 Sunonensis
670 3388 954 3475 archiepiscopus,
968 3388 1089 3476 plenus
1106 3388 1277 3477 boniaopa·

206 3518 242 3572 «ιο
261 3497 371 3576 ribus;
390 3497 442 3563 cui
457 3498 620 3564 successit
635 3495 820 3562 Gelduinus
835 3515 902 3561 non
921 3494 1085 3563 electione
1099 3496 1212 3587 digna,
1228 3484 1276 3559 aad

260 3600 454 3667 muneribus
468 3608 504 3669 et
519 3603 705 3670 nobilitatis
720 3602 772 3669 sui
787 3602 921 3690 generis
936 3602 1103 3672 molestia.

551 3904 594 3965 lle
605 3900 779 3966 crediturum
792 3912 901 3968 morte
909 3920 1006 3989 pape.

308 4117 484 4188 Damasius
499 4118 532 4187 ll
549 4118 768 4189 Alemannus.
783 4159 822 4171 -
836 4124 934 4192 linno
953 4124 1096 4193 Domino
1116 4118 1275 4193 millesimo
