2918 5046
883 386 1024 441 -48-

435 510 477 574 nil
499 495 736 595 predicandum
753 511 909 597 gentibus
925 521 958 576 et
980 514 1156 577 uniuersas
1182 511 1297 578 mundi
1322 513 1459 580 nation

435 617 471 680 in
497 615 562 680 fide
585 617 752 683 catholica
779 617 1039 684 confirmandas.
1074 619 1178 685 Rome
1206 624 1288 686 tunc
1318 618 1459 685 Claudi

370 749 377 762 ·
436 720 635 807 imperabat.
653 723 697 789 Et
711 724 845 801 Petrus
861 723 943 791 inibi
958 723 1078 789 sedens
1090 726 1219 811 primus
1233 745 1332 813 papa,
1349 747 1438 793 euuu

437 828 561 914 gelium
573 827 775 915 predicando
786 830 961 907 Romanis,
980 829 1136 898 fundauit
1154 831 1353 912 Ecclesiam,
1365 831 1458 919 pred'

436 937 603 1003 cationem
621 937 729 1024 signis
739 942 775 1005 et
789 937 973 1005 uirtutibus
988 936 1231 1004 confirmando.

570 1365 622 1431 De
632 1379 747 1433 sancto
756 1366 980 1436 Souinrirnoet
996 1380 1113 1436 sancto
1128 1370 1338 1439 Potentiuno.

478 1581 605 1646 Verum
629 1568 845 1647 cum‘beatus
875 1581 998 1647 Petrus
1025 1582 1130 1649 Rome
1154 1583 1232 1650 fidei
1258 1582 1440 1651 fundamen

357 1755 361 1760 ,
434 1687 645 1764 collocasset,
675 1687 783 1751 noluit
806 1687 891 1751 alias
915 1689 1070 1754 nationes
1086 1689 1214 1757 diutius
1231 1695 1389 1776 expertes
1403 1712 1453 1757 es

434 1815 535 1879 quum
548 1793 703 1859 audierat
719 1813 739 1858 a
755 1795 913 1859 Domino:
933 1825 947 1849 a
967 1797 1031 1869 Ite,
1055 1795 1227 1882 predicate
1252 1797 1443 1885 ewangeliu

384 1907 417 1962 m
436 1929 451 1955 u
470 1901 561 1966 omni
581 1908 748 1967 creature,
770 1931 785 1957 n
808 1901 872 1967 Sed
899 1904 977 1988 quia
1003 1902 1137 1988 singula
1156 1904 1287 1989 regioni
1314 1903 1389 1970 locs
1428 1933 1456 1962 ιι

434 2028 470 2071 se
487 2008 595 2093 ipsum
607 2008 748 2072 uisitare
770 2029 837 2071 non
852 2013 998 2093 poterat,
1016 2008 1108 2075 etad
1125 2029 1165 2074 ea
1178 2030 1241 2094 que
1258 2009 1364 2075 Rome
1378 2011 1458 2096 plan

347 2141 354 2165 ·
432 2120 568 2180 tauerat
580 2112 763 2179 excolenda
774 2114 808 2177 in
824 2112 959 2199 longum
973 2116 1184 2179 necessarius
1195 2120 1282 2192 erat,
1297 2117 1458 2200 preserti

434 2242 507 2286 cum
523 2221 692 2307 malignus
707 2222 859 2306 spirituS,
879 2242 939 2307 per
958 2221 1136 2307 Symonem
1152 2241 1300 2307 magum,
1320 2220 1452 2288 assidu·

433 2334 552 2392 contra
562 2326 676 2391 fideles
687 2326 780 2392 dolos
791 2333 826 2393 et
839 2328 1110 2394 machinamenta
1119 2327 1282 2414 postifera
1291 2348 1459 2394 commou

434 2437 499 2510 ret,
526 2433 677 2499 decreuit
698 2434 780 2518 ipse.
807 2433 924 2509 Rome,
954 2439 1074 2499 contra
1103 2434 1234 2499 hostem
1269 2433 1455 2500 dimicand·

433 2560 570 2625 gregem
597 2540 728 2604 Domini
755 2538 926 2605 custodire
950 2547 996 2617 et,
1020 2539 1062 2605 ad
1088 2545 1250 2606 externas
1269 2546 1304 2607 et
1328 2560 1421 2606 remo
1445 2569 1450 2598 :

434 2645 588 2710 stationes
605 2644 804 2721 edocendas,
820 2644 913 2710 uiros
927 2652 1064 2711 sanctos
1077 2650 1112 2712 et
1127 2646 1255 2731 Spiritu
1269 2652 1388 2714 sancto
1403 2646 1450 2734 pl

434 2770 495 2813 nus
508 2749 691 2814 destinare.

476 3184 624 3251 Consilio
647 3184 754 3270 igitur
769 3188 805 3250 et
825 3183 959 3248 decreto
976 3181 1122 3267 Spiritus
1139 3183 1261 3260 sancti,
1275 3185 1457 3251 conuocuui

378 3306 415 3363 ιο
432 3296 568 3357 sanctos
591 3290 810 3356 Sauinianum
827 3294 861 3354 et
877 3287 1116 3354 potentianum
1129 3306 1202 3352 cum
1221 3286 1350 3364 Altino,
1367 3292 1404 3353 et
1416 3306 1456 3368 eo

432 3397 555 3463 leniter
570 3398 774 3463 commonuit
789 3403 827 3462 ut
839 3395 1025 3460 Galliarum
1038 3399 1186 3481 gentem,
1200 3391 1321 3458 fortem
1336 3396 1372 3459 et
1389 3392 1422 3458 fe
1448 3419 1455 3449 ·

432 3523 516 3580 cem,
534 3503 638 3567 ermis
665 3503 826 3588 precincti
855 3499 997 3577 diuinis,
1015 3504 1225 3587 expeterent,
1251 3504 1285 3565 et
1311 3497 1353 3564 nd
1383 3499 1440 3565 uia

434 3610 590 3675 ueritatis
613 3607 656 3672 ab
671 3628 786 3673 errore
802 3611 1051 3682 conuerterent‚
1070 3605 1196 3691 templa
1221 3604 1457 3673 subuerterent

432 3718 591 3784 ecclesias
617 3720 873 3791 construerent,
902 3711 1258 3799 ydolu'conirigerent
1282 3717 1316 3780 et
1339 3731 1459 3779 cruce

434 3823 565 3891 Domini
584 3821 789 3888 exaltarent.

477 4032 603 4109 Quibus
619 4029 756 4106 auditis,
774 4029 884 4096 sancti
901 4030 965 4095 uiri
983 4034 1209 4096 retractantes
1224 4049 1336 4095 secum
1353 4048 1394 4095 eu
1408 4048 1450 4114 qu
