2970 5430
647 479 806 536 -204-

208 606 365 671 rasoribus
385 604 420 660 de
438 605 552 676 regibus
567 604 744 661 Francorum
753 621 760 671 ;
775 603 810 660 de
829 609 922 660 morte
937 609 966 660 et
982 603 1131 678 sepultum
1144 613 1245 665 sancte

206 695 419 762 Theotechiide,
433 695 561 767 virginis,
572 701 602 750 et
613 693 649 750 de
662 701 762 749 sancto
773 692 923 764 Gregorio.

252 927 376 991 Beatus
388 924 526 1004 PauluS,
541 926 743 992 Senonensis
758 924 1040 1012 archiepiscopus,
1058 925 1168 996 frater
1181 926 1247 998 fuit

206 1033 452 1118 predecessoris
466 1033 530 1109 sui,
546 1034 654 1099 sancti
665 1033 801 1111 Eraclii;
819 1052 894 1097 cum
904 1034 977 1118 ipso
991 1034 1027 1098 in
1038 1034 1245 1101 monasterio

207 1140 498 1206 Sancti-Iohannis
521 1140 683 1226 sepultus,
711 1146 745 1206 et
771 1141 936 1225 posteain
954 1142 1115 1208 maiorem
1137 1141 1247 1208 ecole-

208 1249 291 1312 siam
312 1246 513 1313 translatus.

251 1355 411 1440 Tempore
430 1355 542 1430 istius,
561 1351 698 1418 suerunt
713 1352 843 1417 romani
860 1348 1035 1436 pontifices
1050 1352 1129 1435 post
1143 1349 1248 1417 Silue·

206 1459 306 1535 rium,
323 1463 509 1544 martyrem
523 1465 676 1526 sanctum
694 1481 701 1524 :

248 1563 408 1648 Vigilius,
425 1569 569 1649 martyr,
591 1566 774 1630 Romanus.
796 1577 839 1614 '-
855 1563 949 1631 Sedit
968 1564 1067 1628 annis
1087 1567 1244 1649 quatuor,

155 1678 188 1735 10
206 1669 376 1735 mensibus
387 1669 512 1748 decem,
527 1670 644 1737 diebus
655 1678 730 1738 octo
746 1677 781 1738 et
793 1673 923 1758 uigenti
936 1694 943 1750 ;
957 1671 1106 1738 cessauit
1121 1671 1247 1737 mensi·

205 1777 267 1841 hus
293 1782 449 1862 quatuor,
473 1777 589 1843 diebus
609 1779 753 1863 quinque
773 1783 808 1844 et
829 1779 971 1864 uigenti.
1000 1776 1190 1844 Constituit
1210 1781 1250 1845 ut

206 1882 346 1948 heretici
373 1901 433 1967 per
453 1883 643 1968 singulares
660 1885 895 1970 pugnirentur.
922 1884 995 1949 iste
1021 1902 1108 1968 papa
1132 1882 1249 1969 culpa·

205 1994 261 2055 tus
278 1988 342 2054 fuit
361 1988 401 2053 de
421 1993 528 2054 morte
544 1990 681 2075 Virgilii
702 2013 709 2067 ;
728 1988 785 2054 sed
803 2008 915 2054 coram
941 2009 1017 2054 cum
1037 1988 1159 2074 populo
1171 1993 1249 2056 ten·

206 2095 313 2182 gendo
335 2115 465 2160 crucem
487 2101 520 2160 et
543 2095 776 2181 euuangelium
803 2116 838 2160 se
860 2096 1060 2181 purgauit..

251 2200 313 2266 illo
342 2206 505 2287 tempore,
541 2221 619 2265 ossa
649 2200 738 2266 beati
769 2202 1056 2287 prothomartyris
1086 2201 1248 2288 Stephani

206 2307 310 2372 Rome
335 2305 448 2371 delata
472 2304 608 2372 fuerunt
630 2312 665 2372 et
690 2308 800 2392 posita
823 2327 897 2372 cum
919 2307 1019 2373 beato
1046 2307 1245 2374 Laurentio.

251 2520 313 2585 Illo
331 2524 493 2605 tempore,
513 2519 631 2585 beatus
652 2519 807 2585 Brandus
828 2521 863 2584 in
884 2519 1021 2586 Scothia
1037 2518 1172 2586 claruit.

250 2626 418 2691 Iohannes
434 2626 498 2702 ΙΙΙ,
523 2631 659 2691 sanctus
682 2624 867 2703 confessor,
887 2627 1071 2692 Romanus.
1095 2622 1249 2691 -Sedit

206 2732 305 2795 annis
332 2729 516 2811 duodecim,
546 2732 716 2796 mensibus
745 2733 917 2810 undecim,
936 2731 1052 2796 diebus
1070 2735 1199 2817 septem
1213 2733 1250 2796 et

153 2854 188 2910 ρο
207 2837 335 2922 uigenti
348 2859 355 2915 ;
370 2838 518 2904 cessauit
532 2831 703 2902 mensib'us
720 2842 860 2924 septem,
874 2837 991 2902 diebus
1003 2837 1126 2903 tribus.
1141 2834 1249 2922 Repa-

208 2943 298 3008 rauit
326 2943 493 3008 cimiteria
526 2948 728 3028 martyrum.
754 2944 816 3008 ΙΙΙο
836 2949 998 3028 ternpore,
1018 2943 1245 3018 Fortunatus,

207 3047 419 3113 Pictauensis
435 3049 622 3133 episcopus
642 3048 861 3134 philosophus
877 3048 1012 3113 claruit.

251 3153 374 3217 Eodem
396 3157 557 3238 tempore,
580 3153 698 3218 beatus
722 3154 862 3218 Maurus
887 3152 992 3231 obiit;
1023 3171 1126 3238 prope
1148 3151 1251 3218 Pari·

207 3260 276 3323 sius
298 3260 511 3338 tumulatur;
542 3262 631 3324 acies
655 3261 752 3346 ignee
777 3261 849 3324 uiso
882 3264 961 3326 sunt
986 3278 1046 3344 per
1070 3255 1247 3335 Ytaliam;

207 3363 375 3428 Iohannes
411 3384 497 3450 papa
528 3366 668 3451 perfecit
699 3367 804 3431 Rome
844 3366 1020 3430 ecclesiam
1053 3368 1248 3430 sanctorum

208 3468 354 3555 Philippi
371 3476 405 3535 et
426 3471 555 3549 Iacobi;
576 3477 713 3537 sanctus
727 3471 914 3536 Germanus
933 3469 1138 3535 Parisiensis
1150 3465 1247 3545 obiit,

208 3575 243 3639 in
259 3595 319 3639 suo
334 3577 539 3642 monasterio
553 3577 754 3643 tumulatur.

253 3790 453 3856 Benedictus
480 3791 508 3868 I,
542 3791 724 3856 Romanus.
754 3825 798 3839 -
825 3788 919 3855 Sedit
948 3789 1047 3852 annis
1084 3790 1247 3871 quatuor,

208 3917 322 3962 mense
343 3917 422 3974 uno,
447 3895 563 3961 diebus
586 3903 661 3962 octo
685 3902 719 3962 et
738 3896 850 3961 decem
873 3919 881 3974 ;
907 3895 1055 3961 cessauit
1078 3892 1250 3959 mensibus

156 4017 189 4073 30
208 4005 329 4083 tribus,
349 4002 466 4069 diebus
480 4002 604 4069 decern.
711 4079 714 4085 .

253 4111 315 4176 Illo
340 4116 502 4197 tempore,
526 4110 707 4178 Lumbardi
726 4112 926 4175 inuaserunt
952 4105 1103 4174 Ytaliam
1118 4127 1126 4184 ;
1142 4104 1250 4172 tames
