2970 5430
727 521 870 575 -m-

274 650 446 734 apostolus
459 649 474 713 i
474 650 533 726 uit,
545 655 578 714 et
588 653 704 734 posteo
723 645 865 714 tradidit
878 650 1099 715 Saloatorem.
1112 653 1200 719 Istos
1216 655 1318 739 siqui·

272 755 346 820 dem
362 754 548 833 duodecim,
566 756 704 821 Petrum
717 754 885 831 uidelicet,
900 776 997 839 quem
1011 757 1192 844 principem
1206 760 1317 845 Apos-

271 862 416 928 tolorum
431 864 592 940 instituit,
607 862 772 928 tradendo
787 863 816 925 ei
829 863 941 926 claues
954 865 1048 948 regui
1062 864 1221 941 celorum,
1240 865 1317 931 Sol-

272 973 372 1035 uotor
384 976 510 1047 noster,
529 970 610 1035 cerii
622 987 724 1033 causo
735 969 889 1043 misterii,
902 967 943 1031 od
958 989 1131 1033 numerum
1142 969 1316 1037 duodecim

272 1075 419 1140 tribuum
442 1076 585 1141 filiorum
598 1074 702 1140 Israel
725 1075 899 1159 perelegit‚
916 1073 1030 1139 dicens
1045 1076 1113 1140 eis:
1135 1106 1149 1130 κ
1165 1075 1246 1140 Cum
1261 1096 1316 1140 se-

271 1180 360 1248 derit
373 1178 479 1246 Filius
495 1183 641 1246 hominis
659 1179 784 1244 insede
803 1181 992 1245 maiestatis
1012 1203 1081 1258 sue,
1109 1181 1268 1248 sedebitis
1281 1190 1315 1248 ot

276 1316 289 1341 n
309 1307 369 1352 uos
388 1309 488 1374 super
502 1287 609 1364 sedes,
629 1286 801 1351 duodecim
819 1284 927 1351 tribus
946 1286 1052 1351 lsrael
1076 1287 1276 1353 iudicantes.
1298 1316 1313 1343 n

316 1601 377 1668 Sed
409 1621 508 1686 quum
543 1599 669 1665 Christi
696 1595 945 1682 euuangelium,
970 1616 1030 1681 per
1060 1595 1219 1660 mundum
1236 1599 1316 1661 uni-

272 1728 419 1783 uersum,
443 1705 683 1791 diuulgandum
700 1712 786 1781 erat,
812 1710 846 1769 ei
872 1725 931 1789 per
952 1724 1075 1789 paucos
1103 1706 1207 1781 uiros
1237 1706 1316 1769 uni-

221 1823 253 1878 10
272 1834 389 1879 uersas
413 1812 527 1877 mundi
552 1813 707 1898 regiones
734 1811 847 1876 doceri
874 1813 946 1876 siue
979 1812 1156 1897 peragrari
1180 1810 1315 1878 difficile

272 1920 461 1996 uidebatur,
480 1925 672 2004 eapropter
688 1918 881 2002 designauit
905 1918 1065 1981 Dominus
1081 1924 1114 1982 et
1134 1917 1220 1983 alios
1238 1939 1316 2004 sep-

270 2028 428 2112 tuaginta
440 2025 523 2090 duos
538 2025 732 2111 discipulos,
752 2025 785 2088 in
799 2044 929 2087 omnem
943 2025 1115 2089 ciuitatem
1140 2031 1175 2089 et
1191 2024 1312 2102 locum,

272 2155 335 2218 quo
355 2138 430 2197 erat
455 2133 526 2216 ipse
551 2138 726 2196 uenturus.
755 2128 893 2205 Quibus,
920 2135 1069 2196 testante
1093 2131 1196 2207 Luco,
1222 2130 1315 2197 dedit

270 2244 472 2326 potestatem
490 2237 641 2303 infirmos
654 2235 793 2301 curandi
804 2242 838 2301 et
856 2236 1008 2300 calcandi
1025 2256 1125 2322 super
1140 2242 1314 2322 serpentes

271 2352 306 2412 et
341 2347 533 2430 scorpiones
559 2349 593 2410 et
618 2364 720 2428 supra
748 2364 879 2408 omnem
909 2344 1070 2409 uirtutem
1096 2344 1235 2408 inimici.
1269 2344 1314 2408 De

272 2469 413 2535 quorum
445 2469 584 2514 numero
611 2450 720 2514 sancti
745 2448 920 2534 pontifices
947 2451 1055 2516 nostri
1089 2450 1312 2525 Senouenses,

272 2555 475 2620 Sauiniauus
488 2561 522 2620 et
534 2556 769 2631 Potentiorum,
783 2553 930 2619 fuerunt.

639 2768 689 2834 De
702 2789 782 2833 ceno
799 2768 936 2834 Domini

315 2988 413 3052 Anno
422 2985 463 3052 ob
475 2987 712 3050 Incaruotione
722 2987 853 3052 Domini
868 2987 989 3061 xxxiii,
1004 2987 1164 3051 Dominus
1179 2985 1312 3059 Ihesus,

220 3106 256 3162 ‘20
274 3092 879 3176 cumduodecimnpostolisetceteris
890 3091 1075 3177 discipulis.
1088 3093 1312 3176 seriaquima,

273 3202 353 3266 luno
369 3205 489 3285 quarta
512 3197 652 3276 decimo,
670 3199 817 3275 cenauit,
840 3205 875 3263 et
896 3200 1161 3263 sacratissimam
1177 3199 1315 3262 missum

275 3309 465 3374 constituit.

319 3519 372 3584 De
388 3519 533 3603 reliquiis
548 3520 588 3584 dc
601 3538 688 3603 princ
712 3539 790 3582 cruc
812 3517 952 3584 Domini
968 3530 999 3584 r!
1021 3520 1061 3584 dc
1075 3519 1220 3603 red’quiis
1233 3520 1275 3584 de

726 3645 855 3708 parcius.

323 3846 369 3910 De
393 3864 478 3930 pane
493 3843 584 3907 illius
608 3844 836 3909 sacratissime
856 3863 936 3909 cene
956 3845 1087 3910 Domini
1115 3844 1260 3913 habetur
1283 3848 1316 3911 in

279 3953 484 4019 monasterio
512 3950 753 4016 Sancti-Petri.
782 3952 880 4017 Anno
902 3971 983 4016 uero
1011 3952 1052 4017 ab
1080 3953 1319 4020 Incurnatione

278 4061 445 4127 dominica
462 4058 639 4151 millesimo
655 4062 872 4144 nonagesimo
889 4060 1017 4145 quinte,
1039 4061 1073 4124 in
1094 4061 1319 4127 translatione

278 4169 397 4254 capitis
422 4167 509 4232 beati
535 4165 702 4250 Gregorii,
725 4187 821 4251 pape,
841 4188 860 4230 a
878 4167 961 4232 bone
975 4166 1145 4243 memorie,
1162 4167 1320 4232 Richerio
