2970 5430
701 489 841 546 -70-

270 623 323 684 ter
349 618 412 683 hoo
441 620 627 696 uenientes,
660 618 799 684 multam
822 609 965 703 gloriam
981 616 1041 682 Dei
1061 636 1135 682 cum
1160 619 1307 684 maximo

269 724 407 789 lumine.
426 724 518 798 Quod
544 724 731 800 audientes,
753 725 928 810 episeopus
953 726 988 788 et
1009 720 1124 787 fideles
1141 727 1309 790 uenerunt

269 830 310 895 ad
329 831 449 907 locum,
467 837 502 896 et
512 838 612 916 eaput
625 831 713 895 beati
729 830 825 894 Pauli
837 832 1068 915 cognouerunt
1083 831 1117 894 et
1133 847 1248 894 seeum
1261 833 1309 896 at

268 936 437 1016 tulerunt;
467 937 684 1024 leuantesque
715 939 836 1004 ostium
872 935 1063 1023 sepulchri,
1089 935 1181 1002 circa
1206 919 1307 1023 pedes

268 1044 377 1121 Pauli,
405 1051 505 1131 caput
520 1049 715 1131 posuerunt,
741 1049 775 1111 et
797 1043 913 1110 statim
929 1061 1050 1128 eorpus
1077 1060 1113 1106 se
1141 1041 1250 1111 uertit
1271 1046 1306 1109 et

269 1151 370 1238 capiti
385 1171 419 1216 se
440 1153 653 1218 coniunctum
672 1153 736 1216 est.

560 1791 612 1856 De
629 1790 760 1856 Nerone
780 1790 991 1873 imperatore.

317 2011 419 2086 Nera,
436 2007 575 2073 audiens
589 2027 651 2093 que
663 2007 913 2091 contingerant,
925 2006 1052 2082 timuit,
1065 2009 1099 2071 et
1115 2024 1217 2092 super
1227 2004 1311 2083 hiis,

273 2136 345 2180 curn
360 2115 629 2202 phillosophiset
646 2114 775 2190 amieis,
804 2113 893 2198 loqui
915 2113 1014 2198 cepit.
1029 2112 1073 2179 Et
1093 2110 1171 2176 dum
1194 2111 1313 2199 loque-

220 2234 253 2290 10
273 2228 404 2298 rentur,
425 2222 536 2286 ianuis
551 2223 687 2299 clausis
711 2221 855 2287 intrauit
872 2220 998 2285 Paulus
1011 2219 1175 2286 candidus
1198 2225 1234 2287 et
1255 2240 1314 2287 re-

273 2326 417 2414 fulgens,
431 2328 583 2414 dixitque
595 2329 740 2393 Neroni:
754 2358 768 2383 u
784 2327 868 2393 Eece
879 2327 1086 2414 egoPaulus,
1099 2327 1191 2413 regis
1201 2329 1313 2393 eterni

151 2502 155 2509 ,
274 2464 288 2488 a
316 2435 430 2512 miles;
449 2434 535 2499 male
551 2433 635 2498 sacis
651 2438 787 2500 sanatos
802 2434 860 2498 Dei
875 2432 1045 2518 crucifigi:
1065 2462 1079 2488 a
1098 2433 1142 2499 Et
1157 2432 1224 2497 hiis
1238 2431 1314 2498 die-

271 2540 330 2616 tis,
345 2539 510 2626 disparuit
530 2545 666 2605 sanetus
687 2539 823 2604 Paulus.
840 2540 932 2604 Tunc
948 2539 1051 2616 Nero,
1069 2539 1173 2603 nimio
1188 2539 1313 2604 timore

272 2665 461 2731 percussus,
476 2643 634 2711 liberauit
659 2666 774 2710 omnes
796 2645 923 2724 fideles
942 2667 1024 2731 quos
1048 2647 1083 2712 iu
1106 2665 1244 2712 earcere
1258 2649 1313 2712 te-

273 2750 385 2817 nebat.

317 2965 420 3042 Nero,
449 2970 525 3050 post
552 2967 625 3043 heo,
649 2987 768 3053 parum
794 2968 926 3045 uiuenS,
945 2969 1040 3054 quasi
1061 2968 1171 3034 aliene
1186 2968 1311 3036 ruentis

273 3069 387 3137 fatuus
398 3070 608 3140 effectusest.
619 3074 791 3151 Senecam,
804 3076 1003 3161 magistrum
1018 3096 1127 3152 suum,
1138 3073 1312 3142 interfecit

273 3181 307 3245 iu
319 3180 381 3247 hoo
403 3182 520 3249 modo:
536 3182 623 3249 dixit
637 3183 802 3266 magistro
816 3202 888 3259 sua,
910 3183 1045 3258 Seneca,
1069 3181 1161 3247 Nero
1177 3201 1183 3245 :
1204 3210 1219 3236 a
1235 3181 1311 3248 Ma-

275 3315 295 3364 uv
318 3289 435 3372 gister‚
459 3311 519 3356 uos
534 3291 649 3366 times,
668 3294 703 3355 et
724 3293 884 3374 tauquam
908 3308 1002 3374 puer,
1018 3307 1079 3352 uos
1093 3288 1215 3354 timere
1229 3307 1311 3355 oon·

219 3405 254 3464 20
275 3421 289 3446 ν
318 3397 423 3473 suoui,
448 3402 482 3463 et
501 3398 580 3483 quia
604 3397 715 3462 auimo
742 3416 815 3460 meo
839 3397 993 3462 timorem
1019 3393 1172 3472 infertis,
1193 3395 1309 3483 eligite

275 3526 289 3552 u
317 3500 412 3565 uobis
432 3507 586 3580 mortem,
607 3504 757 3589 quiauos
772 3502 885 3568 videre
901 3503 983 3568 mihi
998 3502 1164 3590 displicet.
1187 3532 1202 3560 n
1216 3504 1309 3569 Tunc

273 3607 399 3673 Seneca
409 3608 442 3671 in
453 3607 572 3674 balneo
588 3631 623 3675 se
639 3610 745 3676 minui
762 3609 854 3688 fecit,
872 3615 907 3676 et
919 3611 968 3675 sio
979 3609 1073 3677 obiit.

318 3821 447 3888 Rursus
464 3824 554 3890 Nero
569 3824 694 3892 stultus
718 3823 869 3904 effectus,
887 3832 1029 3894 matrem
1044 3825 1125 3894 seuit
1138 3826 1258 3904 ooeidi,
1274 3833 1308 3895 et

235 3995 244 4011 ,
272 3929 389 4007 scindi,
402 3935 437 3997 et
451 3931 588 4016 aperiri,
604 3937 642 3999 ut
655 3941 768 4019 posset
783 3933 897 4000 videre
910 3936 1056 4021 qualiter
1072 3936 1105 4001 iu
1121 3935 1194 4001 eius
1211 3939 1310 4003 utero

271 4038 460 4106 fouebatur.

316 4148 376 4214 Die
388 4146 544 4237 quadam,
563 4147 641 4214 dum
654 4148 696 4215 ad
711 4148 879 4228 fenestras
900 4155 1008 4221 turris
1023 4150 1167 4232 sederet,
1189 4173 1309 4243 quam-
