<?xml version="1.0" encoding="UTF-8"?>
<!DOCTYPE html PUBLIC "-//W3C//DTD XHTML 1.0 Transitional//EN"
    "http://www.w3.org/TR/xhtml1/DTD/xhtml1-transitional.dtd">
<html xmlns="http://www.w3.org/1999/xhtml" xml:lang="en" lang="en">
 <head>
  <title>
</title>
<meta http-equiv="Content-Type" content="text/html;charset=utf-8" />
  <meta name='ocr-system' content='tesseract 3.04.00' />
  <meta name='ocr-capabilities' content='ocr_page ocr_carea ocr_par ocr_line ocrx_word'/>
</head>
<body>
  <div class='ocr_page' id='page_1' title='image "./chroniquedelabb00fragoog_0160.png"; bbox 0 0 2970 5430; ppageno 0'>
   <div class='ocr_carea' id='block_1_1' title="bbox 717 496 878 558">
    <p class='ocr_par' dir='ltr' id='par_1_1' title="bbox 717 496 878 558">
     <span class='ocr_line' id='line_1_1' title="bbox 717 496 878 558; baseline 0 -1"><span class='ocrx_word' id='word_1_1' title='bbox 717 522 753 545; x_wconf 92' lang='lat'>-·</span> <span class='ocrx_word' id='word_1_2' title='bbox 774 496 878 558; x_wconf 69' lang='lat' dir='ltr'>lio-</span> 
     </span>
    </p>
   </div>
   <div class='ocr_carea' id='block_1_2' title="bbox 272 614 1314 1248">
    <p class='ocr_par' dir='ltr' id='par_1_2' title="bbox 272 614 1314 1248">
     <span class='ocr_line' id='line_1_2' title="bbox 272 614 1313 718; baseline 0 -23"><span class='ocrx_word' id='word_1_3' title='bbox 272 629 451 717; x_wconf 88' lang='lat' dir='ltr'>floruitque</span> <span class='ocrx_word' id='word_1_4' title='bbox 470 626 613 716; x_wconf 67' lang='lat' dir='ltr'>Aquila,</span> <span class='ocrx_word' id='word_1_5' title='bbox 629 632 808 718; x_wconf 77' lang='lat' dir='ltr'><strong>interpres.</strong></span> <span class='ocrx_word' id='word_1_6' title='bbox 833 631 969 695; x_wconf 84' lang='lat' dir='ltr'>Domum</span> <span class='ocrx_word' id='word_1_7' title='bbox 981 614 1154 695; x_wconf 67' lang='lat' dir='ltr'>Adrianus</span> <span class='ocrx_word' id='word_1_8' title='bbox 1167 628 1313 715; x_wconf 81' lang='lat' dir='ltr'>precepit</span> 
     </span>
     <span class='ocr_line' id='line_1_3' title="bbox 273 736 1313 822; baseline 0.003 -22"><span class='ocrx_word' id='word_1_9' title='bbox 273 757 315 800; x_wconf 91' lang='lat' dir='ltr'>ne</span> <span class='ocrx_word' id='word_1_10' title='bbox 347 737 469 822; x_wconf 90' lang='lat' dir='ltr'>aliquis</span> <span class='ocrx_word' id='word_1_11' title='bbox 499 737 689 822; x_wconf 87' lang='lat' dir='ltr'>xpistianos</span> <span class='ocrx_word' id='word_1_12' title='bbox 724 737 998 821; x_wconf 88' lang='lat' dir='ltr'>condempnaret.</span> <span class='ocrx_word' id='word_1_13' title='bbox 1029 736 1093 801; x_wconf 90' lang='lat' dir='ltr'>Hic</span> <span class='ocrx_word' id='word_1_14' title='bbox 1121 737 1313 804; x_wconf 81' lang='lat' dir='ltr'>construxit</span> 
     </span>
     <span class='ocr_line' id='line_1_4' title="bbox 274 841 1314 927; baseline 0.004 -22"><span class='ocrx_word' id='word_1_15' title='bbox 274 842 518 907; x_wconf 86' lang='lat' dir='ltr'>nobilissimam</span> <span class='ocrx_word' id='word_1_16' title='bbox 554 841 815 921; x_wconf 86' lang='lat' dir='ltr'>bibliothecam;</span> <span class='ocrx_word' id='word_1_17' title='bbox 846 841 1084 927; x_wconf 79' lang='lat' dir='ltr'>rempublicam</span> <span class='ocrx_word' id='word_1_18' title='bbox 1118 843 1314 909; x_wconf 80' lang='lat' dir='ltr'>iustissimis</span> 
     </span>
     <span class='ocr_line' id='line_1_5' title="bbox 273 938 1314 1036; baseline 0.005 -24"><span class='ocrx_word' id='word_1_19' title='bbox 273 948 403 1034; x_wconf 84' lang='lat' dir='ltr'>legibus</span> <span class='ocrx_word' id='word_1_20' title='bbox 428 948 600 1014; x_wconf 87' lang='lat' dir='ltr'>ordinauit</span> <span class='ocrx_word' id='word_1_21' title='bbox 622 972 629 1027; x_wconf 93' lang='lat'>;</span> <span class='ocrx_word' id='word_1_22' title='bbox 666 950 720 1015; x_wconf 89' lang='lat' dir='ltr'>hic</span> <span class='ocrx_word' id='word_1_23' title='bbox 749 952 861 1036; x_wconf 89' lang='lat' dir='ltr'>potius</span> <span class='ocrx_word' id='word_1_24' title='bbox 889 949 996 1015; x_wconf 91' lang='lat' dir='ltr'>uoluit</span> <span class='ocrx_word' id='word_1_25' title='bbox 1021 948 1138 1015; x_wconf 86' lang='lat' dir='ltr'>diuina</span> <span class='ocrx_word' id='word_1_26' title='bbox 1162 938 1314 1018; x_wconf 69' lang='lat' dir='ltr'>misteria¹</span> 
     </span>
     <span class='ocr_line' id='line_1_6' title="bbox 274 1051 1314 1141; baseline 0 -21"><span class='ocrx_word' id='word_1_27' title='bbox 274 1076 373 1141; x_wconf 88' lang='lat' dir='ltr'>greco</span> <span class='ocrx_word' id='word_1_28' title='bbox 392 1075 545 1120; x_wconf 78' lang='lat' dir='ltr'>sermone</span> <span class='ocrx_word' id='word_1_29' title='bbox 566 1055 729 1121; x_wconf 88' lang='lat' dir='ltr'>celebrari</span> <span class='ocrx_word' id='word_1_30' title='bbox 746 1076 845 1141; x_wconf 92' lang='lat' dir='ltr'>quam</span> <span class='ocrx_word' id='word_1_31' title='bbox 864 1054 1034 1120; x_wconf 84' lang='lat' dir='ltr'>hebraice.</span> <span class='ocrx_word' id='word_1_32' title='bbox 1053 1052 1144 1120; x_wconf 88' lang='lat' dir='ltr'>Obiit</span> <span class='ocrx_word' id='word_1_33' title='bbox 1161 1054 1197 1119; x_wconf 89' lang='lat' dir='ltr'>in</span> <span class='ocrx_word' id='word_1_34' title='bbox 1213 1051 1314 1120; x_wconf 77' lang='lat' dir='ltr'>Gam-</span> 
     </span>
     <span class='ocr_line' id='line_1_7' title="bbox 273 1181 387 1248; baseline 0.026 -21"><span class='ocrx_word' id='word_1_35' title='bbox 273 1181 387 1248; x_wconf 84' lang='lat' dir='ltr'>parua.</span> 
     </span>
    </p>
   </div>
   <div class='ocr_carea' id='block_1_3' title="bbox 222 1479 1315 2209">
    <p class='ocr_par' dir='ltr' id='par_1_3' title="bbox 272 1479 1311 1674">
     <span class='ocr_line' id='line_1_8' title="bbox 317 1479 1311 1573; baseline -0.003 -23"><span class='ocrx_word' id='word_1_36' title='bbox 317 1486 445 1551; x_wconf 89' lang='lat' dir='ltr'>Detius.</span> <span class='ocrx_word' id='word_1_37' title='bbox 464 1521 509 1536; x_wconf 93' lang='lat'>-</span> <span class='ocrx_word' id='word_1_38' title='bbox 525 1486 593 1551; x_wconf 89' lang='lat' dir='ltr'>lste</span> <span class='ocrx_word' id='word_1_39' title='bbox 610 1487 730 1550; x_wconf 84' lang='lat' dir='ltr'>Decius</span> <span class='ocrx_word' id='word_1_40' title='bbox 749 1487 878 1571; x_wconf 90' lang='lat' dir='ltr'>primus</span> <span class='ocrx_word' id='word_1_41' title='bbox 894 1481 1127 1569; x_wconf 90' lang='lat' dir='ltr'>aquibusdam</span> <span class='ocrx_word' id='word_1_42' title='bbox 1134 1479 1311 1573; x_wconf 83' lang='lat' dir='ltr'>scribitur,</span> 
     </span>
     <span class='ocr_line' id='line_1_9' title="bbox 272 1589 839 1674; baseline 0 -19"><span class='ocrx_word' id='word_1_43' title='bbox 272 1589 502 1674; x_wconf 87' lang='lat' dir='ltr'>aquibusdam</span> <span class='ocrx_word' id='word_1_44' title='bbox 523 1612 601 1656; x_wconf 90' lang='lat' dir='ltr'>non.</span> <span class='ocrx_word' id='word_1_45' title='bbox 621 1593 746 1656; x_wconf 88' lang='lat' dir='ltr'>Parum</span> <span class='ocrx_word' id='word_1_46' title='bbox 762 1590 839 1656; x_wconf 84' lang='lat' dir='ltr'>fuit.</span> 
     </span>
    </p>

    <p class='ocr_par' dir='ltr' id='par_1_4' title="bbox 316 1697 1311 1784">
     <span class='ocr_line' id='line_1_10' title="bbox 316 1697 1311 1784; baseline 0.005 -24"><span class='ocrx_word' id='word_1_47' title='bbox 316 1697 507 1762; x_wconf 81' lang='lat' dir='ltr'>Anthonius</span> <span class='ocrx_word' id='word_1_48' title='bbox 519 1699 613 1763; x_wconf 91' lang='lat' dir='ltr'>Plus.</span> <span class='ocrx_word' id='word_1_49' title='bbox 628 1734 672 1748; x_wconf 96' lang='lat'>-</span> <span class='ocrx_word' id='word_1_50' title='bbox 687 1699 767 1763; x_wconf 88' lang='lat' dir='ltr'>Pius</span> <span class='ocrx_word' id='word_1_51' title='bbox 781 1703 922 1764; x_wconf 83' lang='lat' dir='ltr'>uocatus</span> <span class='ocrx_word' id='word_1_52' title='bbox 940 1697 1005 1764; x_wconf 84' lang='lat' dir='ltr'>suit</span> <span class='ocrx_word' id='word_1_53' title='bbox 1021 1699 1076 1784; x_wconf 92' lang='lat' dir='ltr'>qui</span> <span class='ocrx_word' id='word_1_54' title='bbox 1091 1699 1181 1764; x_wconf 83' lang='lat' dir='ltr'>mala</span> <span class='ocrx_word' id='word_1_55' title='bbox 1196 1697 1311 1766; x_wconf 78' lang='lat' dir='ltr'>debita</span> 
     </span>
    </p>

    <p class='ocr_par' dir='ltr' id='par_1_5' title="bbox 222 1802 1315 1891">
     <span class='ocr_line' id='line_1_11' title="bbox 222 1802 1315 1891; baseline 0.001 -23"><span class='ocrx_word' id='word_1_56' title='bbox 222 1812 253 1868; x_wconf 85' lang='lat'>10</span> <span class='ocrx_word' id='word_1_57' title='bbox 271 1803 419 1868; x_wconf 82' lang='lat' dir='ltr'>relaxari</span> <span class='ocrx_word' id='word_1_58' title='bbox 440 1802 586 1871; x_wconf 90' lang='lat' dir='ltr'>iubebat.</span> <span class='ocrx_word' id='word_1_59' title='bbox 610 1804 720 1869; x_wconf 81' lang='lat' dir='ltr'>Gener</span> <span class='ocrx_word' id='word_1_60' title='bbox 742 1803 805 1869; x_wconf 83' lang='lat' dir='ltr'>luit</span> <span class='ocrx_word' id='word_1_61' title='bbox 824 1803 979 1870; x_wconf 83' lang='lat' dir='ltr'>Adriani.</span> <span class='ocrx_word' id='word_1_62' title='bbox 1000 1805 1096 1870; x_wconf 87' lang='lat' dir='ltr'>Mitis</span> <span class='ocrx_word' id='word_1_63' title='bbox 1112 1824 1196 1891; x_wconf 81' lang='lat' dir='ltr'>erga</span> <span class='ocrx_word' id='word_1_64' title='bbox 1220 1806 1315 1890; x_wconf 85' lang='lat' dir='ltr'>xpis-</span> 
     </span>
    </p>

    <p class='ocr_par' dir='ltr' id='par_1_6' title="bbox 271 1910 1314 1997">
     <span class='ocr_line' id='line_1_12' title="bbox 271 1910 1314 1997; baseline 0.001 -21"><span class='ocrx_word' id='word_1_65' title='bbox 271 1911 384 1976; x_wconf 88' lang='lat' dir='ltr'>tianos</span> <span class='ocrx_word' id='word_1_66' title='bbox 398 1910 535 1995; x_wconf 87' lang='lat' dir='ltr'>pacifice</span> <span class='ocrx_word' id='word_1_67' title='bbox 548 1913 725 1996; x_wconf 88' lang='lat' dir='ltr'>regnauit;</span> <span class='ocrx_word' id='word_1_68' title='bbox 744 1931 814 1975; x_wconf 92' lang='lat' dir='ltr'>rem</span> <span class='ocrx_word' id='word_1_69' title='bbox 836 1910 1001 1997; x_wconf 85' lang='lat' dir='ltr'>publicam</span> <span class='ocrx_word' id='word_1_70' title='bbox 1015 1910 1194 1995; x_wconf 90' lang='lat' dir='ltr'>ampliauit</span> <span class='ocrx_word' id='word_1_71' title='bbox 1214 1933 1222 1990; x_wconf 93' lang='lat'>;</span> <span class='ocrx_word' id='word_1_72' title='bbox 1239 1912 1314 1997; x_wconf 85' lang='lat' dir='ltr'>post</span> 
     </span>
    </p>

    <p class='ocr_par' dir='ltr' id='par_1_7' title="bbox 272 2016 1313 2100">
     <span class='ocr_line' id='line_1_13' title="bbox 272 2016 1313 2100; baseline 0.001 -21"><span class='ocrx_word' id='word_1_73' title='bbox 272 2022 426 2093; x_wconf 90' lang='lat' dir='ltr'>mortem,</span> <span class='ocrx_word' id='word_1_74' title='bbox 447 2023 607 2100; x_wconf 87' lang='lat' dir='ltr'>tanquam</span> <span class='ocrx_word' id='word_1_75' title='bbox 636 2017 810 2092; x_wconf 84' lang='lat' dir='ltr'>Romulus,</span> <span class='ocrx_word' id='word_1_76' title='bbox 846 2016 1029 2093; x_wconf 82' lang='lat' dir='ltr'>colebatur,</span> <span class='ocrx_word' id='word_1_77' title='bbox 1055 2021 1089 2081; x_wconf 88' lang='lat' dir='ltr'>et</span> <span class='ocrx_word' id='word_1_78' title='bbox 1110 2016 1202 2082; x_wconf 89' lang='lat' dir='ltr'>inter</span> <span class='ocrx_word' id='word_1_79' title='bbox 1217 2016 1313 2082; x_wconf 90' lang='lat' dir='ltr'>diuos</span> 
     </span>
    </p>

    <p class='ocr_par' dir='ltr' id='par_1_8' title="bbox 273 2120 1314 2209">
     <span class='ocr_line' id='line_1_14' title="bbox 273 2120 1314 2209; baseline 0.003 -24"><span class='ocrx_word' id='word_1_80' title='bbox 273 2121 443 2206; x_wconf 86' lang='lat' dir='ltr'>sepelitur.</span> <span class='ocrx_word' id='word_1_81' title='bbox 471 2125 542 2188; x_wconf 92' lang='lat' dir='ltr'>Hoc</span> <span class='ocrx_word' id='word_1_82' title='bbox 571 2130 734 2209; x_wconf 87' lang='lat' dir='ltr'>tempore,</span> <span class='ocrx_word' id='word_1_83' title='bbox 762 2122 923 2187; x_wconf 88' lang='lat' dir='ltr'>Gallenus</span> <span class='ocrx_word' id='word_1_84' title='bbox 947 2122 1093 2188; x_wconf 87' lang='lat' dir='ltr'>medicus</span> <span class='ocrx_word' id='word_1_85' title='bbox 1122 2120 1253 2200; x_wconf 88' lang='lat' dir='ltr'>floruit,</span> <span class='ocrx_word' id='word_1_86' title='bbox 1280 2126 1314 2189; x_wconf 88' lang='lat' dir='ltr'>et</span> 
     </span>
    </p>
   </div>
   <div class='ocr_carea' id='block_1_4' title="bbox 219 2227 1315 3065">
    <p class='ocr_par' dir='ltr' id='par_1_9' title="bbox 272 2227 1315 2854">
     <span class='ocr_line' id='line_1_15' title="bbox 273 2227 1314 2318; baseline 0.006 -28"><span class='ocrx_word' id='word_1_87' title='bbox 273 2227 462 2312; x_wconf 87' lang='lat' dir='ltr'>Pompeius,</span> <span class='ocrx_word' id='word_1_88' title='bbox 481 2229 652 2315; x_wconf 88' lang='lat' dir='ltr'>Hispanus</span> <span class='ocrx_word' id='word_1_89' title='bbox 666 2229 986 2316; x_wconf 78' lang='lat' dir='ltr'>hystoriographus,</span> <span class='ocrx_word' id='word_1_90' title='bbox 1006 2238 1040 2296; x_wconf 91' lang='lat' dir='ltr'>et</span> <span class='ocrx_word' id='word_1_91' title='bbox 1056 2232 1221 2309; x_wconf 76' lang='lat' dir='ltr'>IustinuS,</span> <span class='ocrx_word' id='word_1_92' title='bbox 1237 2230 1314 2318; x_wconf 73' lang='lat' dir='ltr'>phi-</span> 
     </span>
     <span class='ocr_line' id='line_1_16' title="bbox 273 2334 1314 2424; baseline 0.003 -24"><span class='ocrx_word' id='word_1_93' title='bbox 273 2334 443 2421; x_wconf 85' lang='lat' dir='ltr'>losophus,</span> <span class='ocrx_word' id='word_1_94' title='bbox 458 2337 515 2421; x_wconf 93' lang='lat' dir='ltr'>qui</span> <span class='ocrx_word' id='word_1_95' title='bbox 529 2337 701 2403; x_wconf 88' lang='lat' dir='ltr'>Anthonio</span> <span class='ocrx_word' id='word_1_96' title='bbox 714 2337 775 2401; x_wconf 91' lang='lat' dir='ltr'>Pio</span> <span class='ocrx_word' id='word_1_97' title='bbox 788 2335 932 2402; x_wconf 79' lang='lat' dir='ltr'>tradidit</span> <span class='ocrx_word' id='word_1_98' title='bbox 944 2336 1066 2402; x_wconf 91' lang='lat' dir='ltr'>librum</span> <span class='ocrx_word' id='word_1_99' title='bbox 1088 2335 1129 2403; x_wconf 87' lang='lat' dir='ltr'>de</span> <span class='ocrx_word' id='word_1_100' title='bbox 1150 2337 1314 2424; x_wconf 81' lang='lat' dir='ltr'>religione</span> 
     </span>
     <span class='ocr_line' id='line_1_17' title="bbox 272 2441 1314 2529; baseline 0.003 -24"><span class='ocrx_word' id='word_1_101' title='bbox 272 2441 455 2526; x_wconf 82' lang='lat' dir='ltr'>xpistiana‚</span> <span class='ocrx_word' id='word_1_102' title='bbox 489 2447 523 2507; x_wconf 91' lang='lat' dir='ltr'>et</span> <span class='ocrx_word' id='word_1_103' title='bbox 554 2462 629 2507; x_wconf 87' lang='lat' dir='ltr'>eum</span> <span class='ocrx_word' id='word_1_104' title='bbox 660 2443 842 2528; x_wconf 83' lang='lat' dir='ltr'>xpistianis</span> <span class='ocrx_word' id='word_1_105' title='bbox 870 2441 1051 2529; x_wconf 83' lang='lat' dir='ltr'>benignum</span> <span class='ocrx_word' id='word_1_106' title='bbox 1078 2442 1170 2509; x_wconf 84' lang='lat' dir='ltr'>fecit.</span> <span class='ocrx_word' id='word_1_107' title='bbox 1204 2443 1314 2524; x_wconf 76' lang='lat' dir='ltr'>Euius</span> 
     </span>
     <span class='ocr_line' id='line_1_18' title="bbox 273 2547 1315 2626; baseline 0.004 -14"><span class='ocrx_word' id='word_1_108' title='bbox 273 2547 436 2614; x_wconf 81' lang='lat' dir='ltr'>Anthonii</span> <span class='ocrx_word' id='word_1_109' title='bbox 464 2547 545 2626; x_wconf 90' lang='lat' dir='ltr'>filia,</span> <span class='ocrx_word' id='word_1_110' title='bbox 573 2549 748 2626; x_wconf 84' lang='lat' dir='ltr'>Faustina,</span> <span class='ocrx_word' id='word_1_111' title='bbox 778 2550 941 2615; x_wconf 89' lang='lat' dir='ltr'>maritata</span> <span class='ocrx_word' id='word_1_112' title='bbox 968 2547 1033 2616; x_wconf 86' lang='lat' dir='ltr'>suit</span> <span class='ocrx_word' id='word_1_113' title='bbox 1062 2549 1215 2616; x_wconf 88' lang='lat' dir='ltr'>Marcho.</span> <span class='ocrx_word' id='word_1_114' title='bbox 1245 2549 1315 2616; x_wconf 81' lang='lat' dir='ltr'>Heu</span> 
     </span>
     <span class='ocr_line' id='line_1_19' title="bbox 273 2655 1315 2742; baseline 0.002 -22"><span class='ocrx_word' id='word_1_115' title='bbox 273 2656 448 2742; x_wconf 87' lang='lat' dir='ltr'>quemdam</span> <span class='ocrx_word' id='word_1_116' title='bbox 467 2656 640 2723; x_wconf 85' lang='lat' dir='ltr'>adamauit</span> <span class='ocrx_word' id='word_1_117' title='bbox 653 2656 769 2734; x_wconf 91' lang='lat' dir='ltr'>alium,</span> <span class='ocrx_word' id='word_1_118' title='bbox 793 2659 841 2722; x_wconf 88' lang='lat' dir='ltr'>ita</span> <span class='ocrx_word' id='word_1_119' title='bbox 857 2663 896 2722; x_wconf 94' lang='lat' dir='ltr'>ut</span> <span class='ocrx_word' id='word_1_120' title='bbox 911 2655 1153 2722; x_wconf 87' lang='lat' dir='ltr'>infirmaretur.</span> <span class='ocrx_word' id='word_1_121' title='bbox 1170 2655 1315 2742; x_wconf 80' lang='lat' dir='ltr'>Cognita</span> 
     </span>
     <span class='ocr_line' id='line_1_20' title="bbox 272 2763 1314 2854; baseline -0.002 -23"><span class='ocrx_word' id='word_1_122' title='bbox 272 2785 293 2831; x_wconf 91' lang='lat' dir='ltr'>a</span> <span class='ocrx_word' id='word_1_123' title='bbox 321 2763 459 2830; x_wconf 88' lang='lat' dir='ltr'>medicis</span> <span class='ocrx_word' id='word_1_124' title='bbox 487 2785 601 2843; x_wconf 88' lang='lat' dir='ltr'>causa,</span> <span class='ocrx_word' id='word_1_125' title='bbox 628 2772 762 2854; x_wconf 84' lang='lat' dir='ltr'>amatus</span> <span class='ocrx_word' id='word_1_126' title='bbox 782 2765 948 2831; x_wconf 88' lang='lat' dir='ltr'>occiditur</span> <span class='ocrx_word' id='word_1_127' title='bbox 968 2770 1002 2832; x_wconf 91' lang='lat' dir='ltr'>et</span> <span class='ocrx_word' id='word_1_128' title='bbox 1027 2766 1194 2852; x_wconf 85' lang='lat' dir='ltr'>sanguine</span> <span class='ocrx_word' id='word_1_129' title='bbox 1208 2766 1314 2852; x_wconf 85' lang='lat' dir='ltr'>ipsius</span> 
     </span>
    </p>

    <p class='ocr_par' dir='ltr' id='par_1_10' title="bbox 219 2871 1311 3065">
     <span class='ocr_line' id='line_1_21' title="bbox 219 2871 1311 2958; baseline 0.001 -23"><span class='ocrx_word' id='word_1_130' title='bbox 219 2890 255 2945; x_wconf 70' lang='lat'>20</span> <span class='ocrx_word' id='word_1_131' title='bbox 273 2876 446 2957; x_wconf 88' lang='lat' dir='ltr'>peruncta,</span> <span class='ocrx_word' id='word_1_132' title='bbox 472 2892 492 2935; x_wconf 93' lang='lat' dir='ltr'>a</span> <span class='ocrx_word' id='word_1_133' title='bbox 517 2871 680 2958; x_wconf 80' lang='lat' dir='ltr'>languore</span> <span class='ocrx_word' id='word_1_134' title='bbox 704 2878 738 2938; x_wconf 93' lang='lat' dir='ltr'>et</span> <span class='ocrx_word' id='word_1_135' title='bbox 760 2892 874 2937; x_wconf 90' lang='lat' dir='ltr'>amore</span> <span class='ocrx_word' id='word_1_136' title='bbox 892 2877 1042 2938; x_wconf 90' lang='lat' dir='ltr'>curatur.</span> <span class='ocrx_word' id='word_1_137' title='bbox 1067 2871 1131 2937; x_wconf 90' lang='lat' dir='ltr'>Illo</span> <span class='ocrx_word' id='word_1_138' title='bbox 1148 2876 1311 2958; x_wconf 86' lang='lat' dir='ltr'>tempore,</span> 
     </span>
     <span class='ocr_line' id='line_1_22' title="bbox 274 2975 1087 3065; baseline 0.004 -24"><span class='ocrx_word' id='word_1_139' title='bbox 274 2976 474 3042; x_wconf 87' lang='lat' dir='ltr'>Tholomeus</span> <span class='ocrx_word' id='word_1_140' title='bbox 489 2975 617 3054; x_wconf 87' lang='lat' dir='ltr'>floruit,</span> <span class='ocrx_word' id='word_1_141' title='bbox 635 2980 800 3065; x_wconf 85' lang='lat' dir='ltr'>magister</span> <span class='ocrx_word' id='word_1_142' title='bbox 817 2980 851 3043; x_wconf 92' lang='lat' dir='ltr'>in</span> <span class='ocrx_word' id='word_1_143' title='bbox 867 2979 1087 3064; x_wconf 81' lang='lat' dir='ltr'>astronomia.</span> 
     </span>
    </p>
   </div>
   <div class='ocr_carea' id='block_1_5' title="bbox 272 3404 1315 4242">
    <p class='ocr_par' dir='ltr' id='par_1_11' title="bbox 272 3404 1315 4242">
     <span class='ocr_line' id='line_1_23' title="bbox 317 3404 1315 3487; baseline -0.001 -15"><span class='ocrx_word' id='word_1_144' title='bbox 317 3407 476 3474; x_wconf 89' lang='lat' dir='ltr'>Marcbus</span> <span class='ocrx_word' id='word_1_145' title='bbox 491 3409 696 3487; x_wconf 81' lang='lat' dir='ltr'>Anthonius,</span> <span class='ocrx_word' id='word_1_146' title='bbox 715 3430 789 3475; x_wconf 89' lang='lat' dir='ltr'>cum</span> <span class='ocrx_word' id='word_1_147' title='bbox 808 3408 915 3476; x_wconf 83' lang='lat' dir='ltr'>fratre</span> <span class='ocrx_word' id='word_1_148' title='bbox 928 3408 1041 3475; x_wconf 88' lang='lat' dir='ltr'>Lutio.</span> <span class='ocrx_word' id='word_1_149' title='bbox 1055 3440 1100 3456; x_wconf 85' lang='lat'>-·</span> <span class='ocrx_word' id='word_1_150' title='bbox 1112 3404 1219 3472; x_wconf 83' lang='lat' dir='ltr'>Roma</span> <span class='ocrx_word' id='word_1_151' title='bbox 1232 3411 1315 3473; x_wconf 88' lang='lat' dir='ltr'>tunc</span> 
     </span>
     <span class='ocr_line' id='line_1_24' title="bbox 274 3511 1314 3603; baseline -0.006 -21"><span class='ocrx_word' id='word_1_152' title='bbox 274 3515 457 3602; x_wconf 87' lang='lat' dir='ltr'>cepitduos</span> <span class='ocrx_word' id='word_1_153' title='bbox 472 3516 595 3583; x_wconf 84' lang='lat' dir='ltr'>habere</span> <span class='ocrx_word' id='word_1_154' title='bbox 612 3519 845 3603; x_wconf 89' lang='lat' dir='ltr'>imperatores.</span> <span class='ocrx_word' id='word_1_155' title='bbox 867 3517 980 3580; x_wconf 90' lang='lat' dir='ltr'>Bonus</span> <span class='ocrx_word' id='word_1_156' title='bbox 1005 3511 1093 3591; x_wconf 86' lang='lat' dir='ltr'>fuit;</span> <span class='ocrx_word' id='word_1_157' title='bbox 1117 3516 1232 3578; x_wconf 83' lang='lat' dir='ltr'>tamen</span> <span class='ocrx_word' id='word_1_158' title='bbox 1252 3530 1314 3577; x_wconf 84' lang='lat' dir='ltr'>suo</span> 
     </span>
     <span class='ocr_line' id='line_1_25' title="bbox 274 3616 1315 3709; baseline -0.006 -22"><span class='ocrx_word' id='word_1_159' title='bbox 274 3629 436 3708; x_wconf 88' lang='lat' dir='ltr'>tempore,</span> <span class='ocrx_word' id='word_1_160' title='bbox 466 3628 622 3709; x_wconf 89' lang='lat' dir='ltr'>quartam</span> <span class='ocrx_word' id='word_1_161' title='bbox 661 3624 928 3709; x_wconf 86' lang='lat' dir='ltr'>persecutionem</span> <span class='ocrx_word' id='word_1_162' title='bbox 968 3618 1150 3706; x_wconf 85' lang='lat' dir='ltr'>xpistianis</span> <span class='ocrx_word' id='word_1_163' title='bbox 1187 3616 1315 3684; x_wconf 86' lang='lat' dir='ltr'>intule-</span> 
     </span>
     <span class='ocr_line' id='line_1_26' title="bbox 273 3725 1310 3814; baseline -0.003 -22"><span class='ocrx_word' id='word_1_164' title='bbox 273 3735 365 3795; x_wconf 89' lang='lat' dir='ltr'>runt.</span> <span class='ocrx_word' id='word_1_165' title='bbox 394 3729 528 3794; x_wconf 89' lang='lat' dir='ltr'>Mortuo</span> <span class='ocrx_word' id='word_1_166' title='bbox 555 3727 675 3807; x_wconf 86' lang='lat' dir='ltr'>fratre,</span> <span class='ocrx_word' id='word_1_167' title='bbox 711 3729 802 3794; x_wconf 90' lang='lat' dir='ltr'>solus</span> <span class='ocrx_word' id='word_1_168' title='bbox 833 3728 1025 3814; x_wconf 89' lang='lat' dir='ltr'>imperauit.</span> <span class='ocrx_word' id='word_1_169' title='bbox 1055 3725 1122 3792; x_wconf 85' lang='lat' dir='ltr'>Suo</span> <span class='ocrx_word' id='word_1_170' title='bbox 1147 3731 1310 3811; x_wconf 82' lang='lat' dir='ltr'>tempore,</span> 
     </span>
     <span class='ocr_line' id='line_1_27' title="bbox 272 3830 1312 3923; baseline -0.004 -23"><span class='ocrx_word' id='word_1_171' title='bbox 272 3856 332 3923; x_wconf 92' lang='lat' dir='ltr'>per</span> <span class='ocrx_word' id='word_1_172' title='bbox 368 3836 562 3901; x_wconf 88' lang='lat' dir='ltr'>uniuersum</span> <span class='ocrx_word' id='word_1_173' title='bbox 599 3835 772 3912; x_wconf 89' lang='lat' dir='ltr'>mundum,</span> <span class='ocrx_word' id='word_1_174' title='bbox 815 3835 912 3901; x_wconf 85' lang='lat' dir='ltr'>multi</span> <span class='ocrx_word' id='word_1_175' title='bbox 954 3831 1121 3918; x_wconf 86' lang='lat' dir='ltr'>martyrio</span> <span class='ocrx_word' id='word_1_176' title='bbox 1159 3830 1312 3897; x_wconf 87' lang='lat' dir='ltr'>coronati</span> 
     </span>
     <span class='ocr_line' id='line_1_28' title="bbox 274 3937 1313 4029; baseline -0.006 -22"><span class='ocrx_word' id='word_1_177' title='bbox 274 3947 364 4009; x_wconf 88' lang='lat' dir='ltr'>sunt.</span> <span class='ocrx_word' id='word_1_178' title='bbox 400 3942 466 4008; x_wconf 88' lang='lat' dir='ltr'>Suo</span> <span class='ocrx_word' id='word_1_179' title='bbox 503 3949 665 4029; x_wconf 87' lang='lat' dir='ltr'>tempore,</span> <span class='ocrx_word' id='word_1_180' title='bbox 707 3940 822 4007; x_wconf 92' lang='lat' dir='ltr'>floruit</span> <span class='ocrx_word' id='word_1_181' title='bbox 860 3941 1049 4028; x_wconf 77' lang='lat' dir='ltr'>EgisllpuS,</span> <span class='ocrx_word' id='word_1_182' title='bbox 1085 3937 1313 4024; x_wconf 58' lang='lat' dir='ltr'>historiogra*</span> 
     </span>
     <span class='ocr_line' id='line_1_29' title="bbox 273 4046 1313 4134; baseline -0.005 -21"><span class='ocrx_word' id='word_1_183' title='bbox 273 4048 372 4134; x_wconf 90' lang='lat' dir='ltr'>phus,</span> <span class='ocrx_word' id='word_1_184' title='bbox 407 4053 442 4114; x_wconf 87' lang='lat' dir='ltr'>et</span> <span class='ocrx_word' id='word_1_185' title='bbox 470 4055 589 4114; x_wconf 88' lang='lat' dir='ltr'>sancta</span> <span class='ocrx_word' id='word_1_186' title='bbox 620 4047 798 4112; x_wconf 83' lang='lat' dir='ltr'>Praxedis.</span> <span class='ocrx_word' id='word_1_187' title='bbox 835 4047 971 4112; x_wconf 86' lang='lat' dir='ltr'>Malluit</span> <span class='ocrx_word' id='word_1_188' title='bbox 1010 4046 1211 4111; x_wconf 85' lang='lat' dir='ltr'>ornamenta</span> <span class='ocrx_word' id='word_1_189' title='bbox 1250 4061 1313 4109; x_wconf 81' lang='lat' dir='ltr'>sua</span> 
     </span>
     <span class='ocr_line' id='line_1_30' title="bbox 273 4150 1309 4242; baseline -0.006 -21"><span class='ocrx_word' id='word_1_190' title='bbox 273 4162 308 4224; x_wconf 88' lang='lat' dir='ltr'>et</span> <span class='ocrx_word' id='word_1_191' title='bbox 342 4176 401 4222; x_wconf 84' lang='lat' dir='ltr'>sue</span> <span class='ocrx_word' id='word_1_192' title='bbox 437 4173 558 4242; x_wconf 85' lang='lat' dir='ltr'>sponse</span> <span class='ocrx_word' id='word_1_193' title='bbox 589 4153 780 4240; x_wconf 81' lang='lat' dir='ltr'>expandere</span> <span class='ocrx_word' id='word_1_194' title='bbox 813 4173 912 4238; x_wconf 87' lang='lat' dir='ltr'>quam</span> <span class='ocrx_word' id='word_1_195' title='bbox 956 4150 1106 4218; x_wconf 84' lang='lat' dir='ltr'>subditos</span> <span class='ocrx_word' id='word_1_196' title='bbox 1141 4166 1309 4236; x_wconf 63' lang='lat' dir='ltr'>granam</span> 
     </span>
    </p>
   </div>
   <div class='ocr_carea' id='block_1_6' title="bbox 0 0 1495 5430">
    <p class='ocr_par' dir='ltr' id='par_1_12' title="bbox 0 0 1495 5430">
     <span class='ocr_line' id='line_1_31' title="bbox 0 0 1495 5430; baseline 0 0"><span class='ocrx_word' id='word_1_197' title='bbox 0 0 1495 5430; x_wconf 95' lang='lat' dir='ltr'> </span> 
     </span>
    </p>
   </div>
  </div>
 </body>
</html>
