2970 5430
717 493 872 548 „158-

490 723 511 788 1
513 736 621 790 terum
637 726 678 790 de
692 722 838 790 romanis
849 721 1075 807 pontificibus.

312 940 473 1025 Tempore
500 938 591 1003 illins
617 936 795 1003 Theodosii
824 935 973 1010 secundi,
1005 939 1082 1020 post
1102 932 1306 1001 Celestinum

267 1047 423 1132 primum,
442 1051 595 1111 sanctum
611 1063 731 1131 papam
748 1066 756 1110 :
1184 1064 1187 1071 ·

312 1153 428 1218 Sixtns
446 1152 510 1218 111.
528 1151 669 1217 -Post
684 1150 815 1217 Sixtum
829 1150 880 1216 ΙΙΙ
898 1171 905 1215 ;

312 1260 381 1325 Leo
404 1259 545 1345 primus,
571 1258 735 1335 Thuscus,
765 1264 903 1325 sanctus
931 1257 1118 1325 confessor.
1149 1294 1195 1311 -
1218 1258 1311 1344 Sedit

269 1368 367 1432 annis
379 1385 446 1430 uno
463 1369 497 1431 et
509 1365 646 1450 uiginti,
666 1364 837 1429 mensibus
858 1365 980 1443 tribus,
997 1364 1115 1431 diebus
1135 1371 1314 1454 septomet

269 1471 404 1550 decem;
424 1471 572 1537 cessauit
588 1469 705 1535 diebus
722 1475 808 1537 octo.
827 1472 891 1536 Hic
905 1471 1029 1538 doctor·
1040 1470 1108 1538 fuit
1119 1495 1129 1552 ;
1142 1473 1317 1560 epistolas

269 1580 455 1664 composuit
476 1579 671 1663 imperatori
691 1585 726 1644 et
747 1579 901 1664 episcopo
936 1579 1319 1673 Constantinopolitano

146 1684 151 1688 ’
270 1685 311 1751 de
337 1684 402 1751 lide
427 1685 593 1751 catholica
613 1709 620 1762 ;
643 1686 812 1751 hereticos
838 1686 1029 1762 Euthicem,
1057 1679 1258 1752 Nestorium
1280 1692 1315 1752 et

218 1806 252 1862 10
271 1792 482 1876 Dyochorum
496 1790 755 1877 condempnauit
773 1813 781 1870 ;
801 1796 877 1877 post
893 1791 1023 1857 cladem
1042 1789 1197 1858 fulminis
1210 1791 1316 1857 Wan-

270 1897 435 1977 dalorum,
456 1901 636 1965 renouauit
654 1899 724 1964 lere
748 1900 873 1976 omnia,
893 1904 927 1965 et
940 1919 1023 1963 uasa
1047 1899 1309 1965 ministeriorum

271 2003 351 2070 lecit
362 2011 544 2091 argentea;
565 2006 699 2071 tertiam
716 2006 880 2090 synodum
896 2005 1081 2072 celebrauit
1093 2005 1308 2082 Oalcodoui03

270 2110 400 2178 addidit
424 2132 551 2177 canone
569 2113 670 2176 misse
688 2132 695 2175 :
712 2123 866 2176 sanctum
884 2109 1310 2194 sacrificium,lmmacula-

271 2228 340 2281 tam
351 2217 504 2284 nostiam,
523 2220 607 2283 Dum
624 2220 658 2283 in
674 2218 727 2284 die
740 2220 877 2304 pasche,
893 2217 1034 2304 quedam
1051 2218 1174 2285 mulier
1185 2217 1230 2285 ab
1241 2219 1310 2304 ipso

271 2326 586 2403 communicaretur,
604 2326 788 2392 osculando
801 2346 937 2391 manum
963 2323 1144 2411 pontificis,
1161 2325 1313 2391 hec'mu-

272 2428 335 2495 lier
359 2451 493 2496 carnem
515 2452 635 2497 manus
657 2431 824 2516 pontificis
842 2433 875 2496 in
898 2437 1031 2497 tantum
1047 2430 1090 2496 ad
1111 2429 1311 2497 uescendum

271 2536 488 2614 desiderauit,
504 2536 591 2621 quod
605 2539 689 2601 mori
706 2537 896 2603 uidebatur.
916 2536 1010 2611 Quod
1022 2536 1149 2604 dictum
1161 2542 1217 2606 est
1230 2557 1312 2625 pon·

271 2643 366 2710 tiflci.
385 2644 456 2708 Hoc
476 2642 628 2720 audiena,
644 2643 798 2729 pontifex
817 2644 932 2710 statim
949 2653 1084 2729 carnem
1103 2661 1310 2713 manueam·

271 2750 416 2836 putauit,
429 2769 470 2814 ne
481 2749 602 2814 mulier
611 2757 810 2816 moreretur.
826 2751 973 2835 Populus
984 2747 1309 2819 uero-murmurabat

219 2869 253 2926 20
266 2876 311 2921 ,co
332 2856 417 2942 quod
442 2857 615 2943 episcopus
643 2858 781 2922 missam
809 2877 874 2922 non
901 2857 1105 2924 celebrabat.
1133 2858 1178 2926 Et
1197 2858 1316 2926 -oranit

274 2963 405 3029 beatam
421 2964 565 3029 Mariam
578 2965 756 3051 virginem,
774 2970 808 3031 et
822 2985 943 3030 manus
954 2983 1016 3030 sua
1032 2964 1253 3052 integraliter
1265 2971 1317 3031 est

273 3077 405 3138 sanata.
418 3072 580 3146 Quartam
591 3070 756 3156 synodum
775 3072 974 3138 Calcedonie
990 3070 1188 3139 celebrauit.
1207 3072 1318 3160 Impe-

272 3175 379 3241 trauit
395 3195 415 3238 a
430 3174 580 3252 Thocila,
597 3195 675 3262 rege
691 3175 952 3255 Wandalorum,
967 3195 1082 3264 pacem
1103 3177 1318 3268 Romanieet

272 3281 398 3358 Ytalie,
408 3300 484 3345 eum
496 3281 607 3361 uerbis
619 3280 825 3348 salutaribus
838 3283 1038 3350 exortando.
1050 3284 1094 3350 Et
1103 3282 1318 3353 mirabantur

274 3385 408 3452 barbari
420 3386 584 3472 quomodo
597 3407 658 3453 rex
670 3408 745 3452 eum
759 3389 966 3456 exaudisset.
984 3391 1027 3457 Et
1041 3388 1220 3477 respondit
1233 3408 1315 3458 rex:

275 3521 290 3546 κ
314 3493 456 3558 Tantam
472 3495 724 3560 uenerationem
746 3495 780 3559 in
798 3494 879 3591 satie
893 3495 1062 3582 pontificis
1077 3494 1161 3574 uidi,
1179 3495 1268 3583 quod
1283 3497 1319 3563 in

276 3629 290 3654 a
313 3599 412 3666 corde
428 3621 500 3666 meo
523 3604 678 3667 timorem
691 3603 954 3668 inenarrabilem
967 3604 1116 3690 concepi,
1131 3608 1167 3670 et
1178 3601 1320 3679 ideonli

277 3739 291 3763 a
314 3709 427 3774 omnia
447 3708 572 3786 dimisi,
599 3709 733 3775 timens.
748 3709 819 3775 solo
844 3729 905 3774 suo
925 3709 1029 3775 uerbo
1051 3709 1151 3776 mori.
1167 3736 1190 3766 ω
1212 3707 1322 3777 Gens·

275 3818 399 3903 cripxit
410 3815 587 3902 epistolam
597 3815 638 3880 de
653 3815 840 3903 fideXpisti
853 3837 1062 3903 superquam
1074 3816 1174 3885 multi
1186 3814 1321 3885 dubita·

223 3942 258 4000 30
275 3923 368 3990 bant.
387 3925 480 3988 Tunc
494 3923 662 4009 accipiens
678 3923 855 4009 epistolam
869 3922 998 3989 dimisit
1011 3919 1320 4010 campen-qnadra-

276 4031 371 4116 ginta
386 4029 458 4095 dies
474 4048 574 4114 super
590 4029 699 4095 altare
714 4028 803 4095 beati
823 4029 930 4109 Petri,
954 4047 1079 4115 rogans
1092 4027 1148 4104 die
1163 4032 1320 4098 mureto

277 4141 429 4203 sanctum
443 4136 594 4211 Petrum,
617 4136 704 4201 utin
727 4135 841 4201 eadem
857 4135 1001 4221 epistola
1013 4136 1198 4204 ueritatem
1213 4154 1321 4227 appo-
