2970 5430
737 508 895 567 ..134-

292 640 353 707 nit.
377 639 448 713 Quo
470 638 556 716 uiso,
580 637 678 704 ualde
703 640 843 725 stupuit,
868 658 945 703 nam
964 656 1023 724 pro
1044 641 1161 703 sancto
1190 635 1328 704 habeba·

293 752 361 823 tur,
381 751 415 813 et
431 745 594 810 miracula
612 747 717 811 multa
733 746 774 811 ad
794 766 889 810 suum
907 743 1032 812 fiebant
1048 743 1274 831 sepulchrum,
1297 750 1329 812 et

292 850 476 918 dalmatica
512 853 617 938 ipsius
647 852 859 916 demoniacos
890 849 1045 916 sanabat.
1074 849 1169 913 Tunc
1194 852 1327 915 sanctus

291 956 480 1023 Germanus
509 959 558 1023 ait
572 958 633 1023 iili:
654 988 668 1012 a
690 956 775 1030 Quid
791 957 856 1022 huc
869 955 977 1021 facis?
997 986 1011 1010 n
1025 954 1086 1021 Cui
1096 954 1303 1020 Paschasius
1318 974 1325 1018 :

294 1064 405 1137 uQuia
431 1064 640 1130 solummodo
655 1084 768 1128 amore
796 1063 970 1128 Laurentii
992 1066 1110 1127 contra
1126 1060 1328 1147 Symachum

293 1200 306 1224 u
322 1169 381 1246 fui,
402 1170 541 1235 credens
553 1170 636 1235 bene
651 1169 772 1245 facere,
785 1169 859 1234 ideo
872 1170 906 1233 in
922 1169 1062 1234 hocloco
1071 1187 1154 1254 pene
1169 1188 1243 1233 sum
1254 1190 1262 1247 ;
1273 1165 1329 1232 sed

292 1309 306 1332 u
319 1297 432 1365 quesn,
452 1297 511 1342 ora
523 1297 587 1364 pro
604 1298 666 1353 me,
677 1279 785 1341 sciens
796 1281 829 1341 te
840 1275 1048 1352 exauditum,
1060 1276 1087 1339 si
1097 1275 1162 1339 huc
1179 1274 1327 1353 rediens

292 1402 372 1447 uma
399 1403 465 1446 non
490 1384 666 1447 inueniris.
692 1414 706 1436 ν·
736 1383 879 1447 Sanctus
908 1381 1096 1446 Germanus
1121 1399 1330 1467 perpaucos

288 1489 360 1553 dies
373 1510 433 1575 pro
452 1491 524 1575 ipso
545 1489 679 1566 obtulit,
701 1494 735 1554 et
760 1487 893 1552 rediens
914 1485 956 1552 ad
981 1487 1089 1570 locum
1104 1506 1172 1552 non
1198 1487 1332 1554 inuenit

236 1610 269 1665 10
288 1616 375 1661 eum.
393 1594 620 1659 Theodoricus
635 1615 696 1659 rex
711 1596 812 1659 istum
828 1593 1030 1678 Symachum
1041 1591 1120 1658 fecit
1133 1591 1330 1686 confirmari

288 1701 404 1766 Rome.

242 2263 246 2281 ·
332 2237 404 2303 illis
447 2236 665 2321 temporibus,
698 2236 897 2314 Clodoueus,
939 2258 1000 2303 rex
1041 2240 1264 2319 Francorum,
1308 2262 1328 2307 a

285 2348 402 2408 sancto
421 2343 574 2427 Remigio
593 2343 707 2407 Remis
734 2345 936 2429 baptizatur.
966 2346 1061 2412 Fecit
1089 2346 1244 2412 Parisius
1271 2367 1327 2413 ec-

282 2448 417 2512 clesiam
434 2446 605 2512 inhonore
614 2448 848 2532 Apostolorum
864 2449 956 2515 Petri
968 2456 1002 2517 et
1011 2450 1107 2517 Pauli
1118 2451 1327 2538 queSancte-

281 2551 452 2618 Genouefe
468 2552 603 2620 dicitur.
869 2557 872 2563 ’

325 2663 396 2728 Hoc
412 2667 573 2748 tempore,
594 2662 731 2727 Boetius
757 2662 988 2749 philosophus
1015 2668 1153 2730 sanctus
1178 2665 1324 2732 Maxen-

280 2771 348 2836 tius
364 2768 479 2846 abbas,
508 2774 646 2834 sanctus
676 2768 914 2855 Leodegarius,
944 2775 1082 2837 sanctus
1107 2772 1318 2859 Aruulphus,

280 2883 399 2942 sancta
414 2873 597 2951 Genouefa,
612 2880 749 2941 sanctus
766 2876 938 2963 Remigius
952 2882 986 2943 et
1001 2882 1139 2944 sanctus
1152 2879 1320 2958 EracliuS,

279 2981 481 3047 Senonensis
498 2979 781 3066 archiepiscopus,
807 2982 1014 3050 claruerunt.

223 3093 258 3151 20
318 3087 441 3154 Eodem
458 3093 620 3172 tempore,
638 3086 853 3171 Sigmundus,
882 3110 943 3154 rex
974 3089 1181 3176 Burgundio,
1199 3089 1324 3158 funda-

278 3195 329 3260 uit
347 3195 588 3260 monasterium
607 3193 694 3279 apud
712 3195 903 3281 hgaunum,
924 3199 959 3260 in
983 3198 1109 3262 honore
1126 3204 1322 3266 sanctorum

277 3306 465 3387 martyrum
486 3301 639 3366 Mauritii
662 3303 892 3387 sociorumque
909 3304 993 3368 eius.
1014 3303 1137 3368 Eodem
1154 3309 1319 3390 tempore,

278 3409 455 3474 constituit
479 3409 699 3474 Laurentium
737 3409 928 3496 episcopum
958 3408 1249 3476 Nucherinensem
1273 3409 1323 3475 Si-

277 3513 416 3577 machus
432 3533 530 3599 papa.
880 3513 895 3535 ⁸

321 3617 513 3697 Hormisda,
553 3620 754 3707 Campanus,
788 3628 924 3690 sanctus
948 3621 1133 3690 confessor.
1165 3623 1322 3692 -Sedit

219 3749 221 3752 ⁴
277 3724 376 3787 annis
421 3744 553 3802 nouem,
592 3726 708 3791 diebus
738 3727 994 3813 septemdecim
1022 3729 1170 3795 cessauit
1200 3712 1320 3795 diebus

276 3836 417 3915 septem.
454 3830 586 3896 Clerum
618 3833 808 3911 ordinauit,
844 3835 991 3920 psalmos
1025 3835 1154 3912 diuisit,
1191 3834 1322 3901 Grecos

276 3938 507 4004 reconciliauit
537 3939 579 4004 ab
605 3938 716 4005 heresi
740 3942 833 4008 Petri
859 3941 1077 4021 Alexandrie,
1106 3942 1213 4009 multa
1237 3963 1320 4030 pau·

273 4044 409 4131 peribus
441 4047 608 4130 erogauit,
645 4049 751 4114 multa
786 4054 985 4115 ornamenta
1019 4050 1170 4114 ecclesiis
1199 4055 1319 4117 contu·

220 4171 253 4231 30
272 4151 325 4230 lit,
357 4152 444 4239 apud
471 4155 808 4222 Sanctum-Petrum
838 4154 970 4222 trabam
998 4161 1194 4244 argenteam
1220 4157 1315 4224 mille
