2970 5430
707 463 866 540 5100..

269 592 304 654 in
340 587 519 674 cathologo
553 607 758 654 summorum
797 588 993 674 pontificum
1023 606 1091 658 nou
1117 591 1316 660 consuunt

269 715 357 760 eum.
373 695 511 770 Tamen,
529 713 604 759 cum
616 692 716 761 dictis
731 695 933 782 virginibus,
948 699 1115 784 martyrio
1127 702 1317 766 coronatus

273 802 348 880 fuit,
366 806 400 868 et
417 801 539 888 dignus
562 807 615 868 est
639 803 729 869 inter
750 808 919 888 martyres
943 809 977 871 et
1000 803 1177 891 pontifices
1192 822 1318 871 nume-

273 928 356 975 rari.

316 1016 502 1092 Ancheros,
517 1015 656 1081 Grecos.
666 1051 710 1066 -
720 1016 814 1083 Sedit
825 1018 924 1082 anuis
934 1018 1056 1096 tribus,
1071 1004 1318 1084 mensibusum·

273 1122 391 1198 decim,
408 1122 525 1188 diebus
540 1123 740 1208 quindecim.
752 1124 1127 1193 Cessauitdiebosocto.
1141 1124 1261 1192 Voluit
1272 1127 1316 1192 ut

273 1228 474 1314 episcopide
494 1228 571 1294 sede
595 1235 734 1315 possent
755 1230 949 1309 transferri,
964 1238 999 1298 et
1013 1237 1051 1299 ut
1070 1235 1167 1320 gesta
1178 1233 1317 1317 marty-

273 1355 347 1400 rum
361 1335 600 1402 scriberentur.
617 1338 694 1422 lpse
711 1337 876 1422 martyrio
890 1344 1083 1406 coronatur.

317 1549 498 1626 Fabianus,
514 1550 697 1621 Romanus.
710 1585 754 1600 -
766 1550 860 1617 Sedit
874 1551 973 1615 annis
986 1549 1168 1627 tredecim,
1198 1568 1317 1616 menso

219 1654 487 1736 10uno,diebus
513 1656 684 1735 undecim;
712 1658 860 1723 cessauit
883 1656 1000 1723 diebus
1024 1661 1165 1744 septem.
1188 1658 1316 1725 Diuisit

272 1762 434 1847 dyuconis
450 1764 604 1849 regiones
617 1788 624 1843 ;
650 1763 730 1831 fecit
751 1770 876 1850 septem
891 1763 1123 1848 subdyaconos
1138 1765 1196 1849 qui
1211 1768 1316 1831 noce-

273 1871 334 1934 riis
351 1871 591 1955 prominerent,
607 1876 645 1937 ut
660 1875 757 1957 gesta
773 1876 962 1956 martyrum
983 1871 1108 1937 certius
1121 1868 1316 1935 scriberen-

273 1981 341 2042 tur.
356 1976 542 2043 Constituit
556 1977 687 2043 Crisma
697 1979 888 2043 consecrari
905 1979 939 2042 in
954 1977 1196 2044 CenaDomiui.
1214 1976 1315 2043 Eleo·

273 2091 328 2150 tus
345 2082 409 2150 luit
426 2102 486 2168 per
497 2082 845 2168 Spiritumssanctum,
859 2084 894 2147 in
907 2083 1058 2149 columbe
1072 2083 1194 2168 specie,
1211 2102 1315 2169 super

274 2196 374 2276 caput
390 2191 462 2254 eius
486 2195 646 2256 stantem.
668 2190 731 2255 Illo
745 2195 908 2275 tempore,
927 2189 1151 2266 Nouatianus,
1169 2187 1315 2274 presby·

273 2303 326 2362 ter
341 2297 456 2374 Rome,
474 2296 643 2362 hereticus
659 2295 741 2376 fuit;
759 2317 826 2362 non
839 2316 942 2361 ausus
960 2296 1024 2362 luit
1036 2301 1151 2381 petere
1162 2295 1310 2372 ueniam,

274 2408 307 2467 et
323 2400 397 2486 ideo
414 2406 578 2469 statutum
597 2401 662 2469 fuit
681 2403 810 2489 abipso
831 2424 926 2489 papa,
943 2403 1052 2488 utqui
1067 2402 1201 2467 ueniam
1217 2405 1315 2488 pete-

274 2513 327 2574 ret
341 2510 495 2593 penitens
510 2508 689 2599 obtineret.
706 2511 841 2595 Martyr
856 2508 932 2577 fuit.

318 2834 505 2915 Cornelius,
524 2838 707 2904 Romarms.
723 2837 875 2904 -Sedit
895 2838 994 2902 annis
1007 2836 1130 2913 tribus,
1143 2835 1313 2902 mensibus

220 2963 255 3018 lo
275 2942 415 3021 duobus,
441 2944 558 3009 diebus
581 2944 713 3023 decem;
738 2946 886 3011 cessauit
909 2943 1027 3009 diebus
1043 2945 1189 3030 quinque
1204 2948 1240 3010 et
1257 2944 1314 3009 ui·

275 3051 373 3135 ginti.
400 3050 516 3115 Voluit
541 3055 579 3116 ut
605 3050 797 3117 sacerdotes
823 3054 962 3137 possent
988 3051 1101 3114 iurare
1129 3069 1191 3135 pro
1219 3052 1315 3115 certa

275 3176 388 3221 causa.
424 3156 499 3234 Hic,
530 3165 671 3244 rogetus
702 3178 723 3223 a
750 3157 916 3234 fidelibus,
945 3176 1087 3242 corpora
1118 3161 1312 3222 sanctorum

276 3264 512 3348 Apostolorum
529 3265 623 3331 Petri
637 3270 671 3331 et
686 3265 783 3330 Pauli
799 3265 938 3330 leuauit.
955 3265 998 3330 Et
1011 3283 1130 3350 parum
1146 3267 1236 3348 post,
1253 3280 1314 3327 suo

275 3375 437 3456 tempore,
467 3371 565 3437 Greci
590 3371 716 3449 fideles,
743 3391 885 3458 corpora
901 3371 1138 3457 Apostolorum
1161 3370 1255 3436 Petri
1280 3375 1314 3435 et

276 3475 512 3554 Paulifurati,
536 3478 769 3564 asportabant.
796 3479 888 3543 Tunc
906 3497 974 3542 uox
997 3476 1039 3542 de
1063 3477 1134 3542 celo
1152 3475 1244 3544 fucta
1261 3480 1314 3542 est

276 3583 412 3650 dicens:
433 3615 447 3640 u
464 3587 538 3650 Viri
564 3586 718 3662 Romani,
740 3587 868 3671 surgite
895 3586 973 3670 quia
996 3585 1043 3649 dii
1064 3583 1171 3650 uestri
1196 3582 1313 3649 furtim

279 3691 526 3759 “auferuntum
545 3723 559 3748 n
587 3695 680 3758 Tunc
705 3698 927 3757 surrexerunt
953 3691 1109 3767 Romani,
1135 3692 1314 3775 querentes

276 3817 416 3884 corpora
445 3804 649 3864 sauctorum.
677 3798 773 3863 Vnde
798 3797 912 3874 Greci,
944 3799 1120 3874 timentes,
1154 3794 1315 3881 reliquias

276 3905 513 3992 Apostolorum
529 3906 563 3968 in
574 3911 709 3990 puteum
726 3906 959 3991 proiecerunt;
977 3903 1034 3968 sed
1051 3923 1071 3969 a
1085 3900 1240 3968 fidelibus
1253 3901 1318 3967 lto·

225 4031 258 4086 30
277 4012 386 4076 manis
399 4010 520 4076 exinde
534 4017 690 4078 extracta
707 4012 854 4078 luerunt.
868 4011 997 4077 Etcum
1015 4009 1230 4076 dubitaretur
1253 4027 1317 4095 que

277 4122 391 4184 essent
414 4117 503 4185 beati
527 4118 621 4185 Petri
636 4124 672 4185 et
687 4128 750 4209 que
765 4118 855 4184 beati
879 4117 990 4193 Pauli,
1010 4132 1207 4207 responsum
1233 4115 1318 4182 diui·
