2918 5046
699 442 857 501 „540-

260 575 445 661 Gregorius
459 594 547 660 papa
563 573 712 639 decimus
727 572 822 639 venit
837 569 1052 659 Lugdunum,
1067 576 1104 639 et
1123 570 1301 637 consilinm

259 681 443 748 celebrauit
473 681 656 767 sollempne
674 700 736 767 pro
749 678 898 745 subsidio
918 678 1186 755 Terre-Sancte,
1204 698 1302 765 qnam

259 788 402 855 uisitare
421 789 648 873 personaliter
663 786 872 855 intendebat.
890 786 928 852 In
949 806 1014 872 qno
1038 785 1196 863 concilio,
1219 786 1305 853 Gre-

259 916 375 962 corum
401 905 435 963 et
457 899 679 963 'l'artarorum
707 894 909 979 sollempnes
931 894 1041 960 nuntii
1059 892 1302 959 interfuerunt.

258 1003 357 1068 Greci
366 1003 408 1069 ad
418 1006 583 1069 unitatem
594 1004 742 1069 Ecclesie
756 1000 1114 1087 redirepromittentes
1124 1002 1305 1087 Spiritum·

258 1110 420 1176 Sanctum
434 1110 581 1175 eorrsessi
599 1115 679 1175 sunt
695 1129 715 1173 a
730 1108 832 1174 Patre
848 1114 882 1173 et
900 1107 986 1173 Filio
1001 1106 1199 1193 procedere,
1225 1108 1306 1173 sim-

259 1216 372 1281 bolum
406 1218 440 1280 in
466 1216 608 1281 eoirsilio
631 1212 855 1279 decantando.
886 1214 1006 1281 Nuntii
1038 1234 1121 1279 uero
1147 1214 1306 1281 Tartaro·

259 1340 334 1386 rum
358 1320 450 1387 infra
471 1322 647 1385 concilium
674 1320 901 1405 baptizantur,
919 1324 954 1385 et.
971 1328 1008 1385 ut
1029 1318 1206 1397 dicebant,
1229 1320 1306 1387 boni

259 1428 423 1511 xpistiani
449 1426 490 1491 ad
519 1428 655 1513 propria
681 1427 867 1492 redierunt.
898 1426 1070 1491 Numerus
1095 1426 1307 1513 prelatorum

209 1529 241 1585 ¹0
259 1533 391 1597 concilii
407 1533 471 1599 fuit
488 1535 663 1619 quingenti
676 1534 835 1619 episcopi,
852 1539 886 1598 et
901 1532 1003 1597 ceteri
1020 1532 1145 1618 prelati
1161 1530 1258 1599 millo
1273 1540 1307 1601 et

261 1640 416 1725 amplius.
434 1641 496 1705 Hic
506 1662 539 1703 ιιι
551 1640 693 1705 concilio
707 1640 814 1706 multa
827 1639 914 1703 laona
925 1640 1107 1705 constituit
1117 1658 1181 1725 pro
1190 1638 1306 1705 Terra·

261 1746 386 1811 Sancta
401 1754 436 1811 et
450 1766 511 1833 pro
523 1752 598 1813 tota
615 1746 778 1811 Ecclesia.
794 1745 912 1811 Voluit
928 1746 1032 1811 etiam
1049 1750 1085 1811 et
1101 1742 1258 1813 decreuit
1269 1752 1306 1813 nt

261 1851 398 1937 bigami,
415 1853 471 1937 qui
486 1852 528 1917 ad
539 1872 654 1917 sacros
666 1850 803 1915 ordines
813 1851 924 1917 redire
940 1872 1007 1917 non
1023 1856 1181 1937 possunt,
1199 1852 1306 1937 priui-

260 1961 348 2045 legio
365 1980 431 2024 non
448 1959 619 2047 gaudeant
631 1958 792 2024 clericali.
814 1960 884 2025 Iste
903 1979 992 2046 papa
1011 1978 1079 2023 non
1106 1956 1306 2025 intendebat

260 2068 478 2153 pecuniarum
493 2068 610 2145 lucris,
627 2066 685 2131 sed
701 2066 894 2133 elemosinis
907 2072 941 2133 et
956 2066 1054 2133 bonis
1074 2064 1237 2153 operibus
1252 2066 1304 2131 in·

260 2171 434 2239 tendebat.

307 2506 368 2570 lllo
392 2511 555 2591 tempore,
583 2504 775 2569 Ludouicus
796 2525 857 2569 rex
879 2523 954 2569 cum
975 2501 1091 2568 multis
1120 2500 1304 2569 baronibus

260 2612 516 2697 crucesignatus
544 2618 596 2676 est
619 2631 678 2695 pn»
706 2610 857 2675 subsidio
884 2610 1139 2687 Terre-Sancte,
1163 2618 1200 2677 et
1217 2630 1304 2675 atino

262 2718 393 2783 llomini
405 2718 582 2782 millesimo
594 2717 825 2783 ducentesimo
838 2717 1087 2805 septuagesimo
1096 2720 1221 2805 primo,
1231 2738 1302 2785 cum

205 2820 240 2874 ‘3⁰
259 2824 388 2888 duobus
404 2824 484 2888 lillis
500 2836 532 2889 et
551 2846 629 2911 rege
646 2826 828 2903 Narrarrie,
845 2827 901 2913 qui
919 2825 1022 2891 liliam
1036 2828 1128 2913 regis
1144 2826 1302 2901 habebat,

259 2946 295 2996 et.
312 2952 385 2995 cum
400 2931 517 2997 multis
534 2933 613 2997 aliis
627 2933 845 3018 principibus,
864 2932 1015 3014 ducibus,
1040 2932 1235 3011 comitibus,
1252 2932 1305 2999 ba·

262 3037 413 3113 renibus,
431 3037 642 3115 (testabaris,
664 3039 828 3104 iuditibus
842 3050 877 3105 et
893 3039 1046 3127 prelatis,
1061 3038 1105 3105 ad
1119 3038 1304 3105 subsidium

262 3142 352 3209 dicte
369 3144 617 3211 Terre-Sancte
636 3146 702 3209 iler
717 3148 913 3233 assumpsit.

306 3252 404 3315 Anno
432 3251 563 3314 llomini
591 3251 769 3315 millesimo
801 3251 1030 3319 (lucellleslmo
1056 3252 1305 3339 septuagesimo

264 3357 386 3441 primo,
408 3356 606 3441 Gregorius,
636 3357 770 3421 rediens
798 3380 818 3423 a
846 3359 1023 3445 Lugduno,
1044 3358 1130 3425 obiit
1157 3358 1304 3433 Aretbli,

265 3476 301 3528 et
318 3464 439 3527 ibidem
461 3464 603 3549 spelitur
617 3480 650 3529 et
670 3466 844 3529 miraculis
859 3467 993 3547 claruit,
1011 3474 1049 3531 ut
1063 3464 1204 3531 dicitur.

309 3574 526 3638 lnrimentius
542 3572 584 3647 l',
602 3572 805 3657 llurgnndus
822 3572 862 3636 de
873 3572 1116 3649 Tliarantasia,
1135 3570 1305 3637 daonlinu

263 3678 530 3754 l'redieatorum,
553 3678 717 3763 inzugister
741 3680 775 3741 in
792 3678 965 3763 theologia
985 3678 1093 3765 primo
1118 3676 1306 3763 archiepis·

262 3808 365 3873 copus
383 3784 619 3871 Lugdunensis
634 3794 669 3847 et.
693 3796 768 3869 post
781 3786 957 3871 episcopus
980 3784 1176 3851 Hostiensis
1202 3782 1307 3851 cardi·

209 3890 241 3945 3⁰
264 3895 364 3969 natis,
384 3890 504 3957 ‹leinde
521 3912 606 3975 psum
619 3892 776 3967 ellieitur,
796 3913 885 3955 arum
903 3894 1035 3959 lloinini
1057 3892 1239 3961 millesimo
1252 3892 1307 3959 du·

264 4000 449 4065 centesimo
466 3998 716 4083 septuagesimo
733 4000 847 4063 lertio.
865 3998 957 4064 Sedit
970 3998 1308 4087 inensibusquinque,

264 4108 382 4173 dielms
406 4105 559 4182 duobus;
580 4106 726 4170 cessauit
744 4104 862 4171 diebus
879 4114 955 4173 octo
971 4112 1006 4173 et
1023 4104 1151 4173 decem.
