2970 5430
739 507 880 558 -90..

286 640 464 705 puerorum
499 628 534 690 et
562 645 683 710 pueros
714 628 888 713 querebat,
921 636 956 697 et
981 633 1091 717 ganisi
1126 639 1206 702 sunt
1238 637 1325 703 insi-

286 727 366 803 mul,
384 732 514 814 gratias
531 732 730 813 referentes‚
755 740 789 801 et
816 735 913 802 beato
933 736 1036 805 Petro
1055 741 1191 807 omnino
1217 741 1324 809 adhe-

286 845 414 903 serunt.

328 1474 453 1541 Beatus
477 1497 558 1542 uero
580 1479 746 1559 Clemens,
770 1491 807 1550 ut
821 1487 965 1571 predixi,
987 1488 1075 1556 sedit
1090 1494 1167 1575 post
1182 1490 1320 1557 Petrum

284 1582 405 1647 Linum
418 1588 452 1649 et
462 1583 605 1662 Cletum‚
620 1593 667 1663 et,
687 1589 748 1654 sub
763 1592 908 1658 Traiano
924 1595 959 1657 in
975 1614 1068 1660 mare
1086 1595 1319 1682 precipitatus,

284 1690 449 1773 martyrio
465 1699 659 1758 coronatur.
676 1694 776 1763 Dedit
790 1698 839 1762 illi
857 1699 1018 1764 Dominus
1029 1701 1063 1765 in
1080 1701 1166 1765 mari
1185 1700 1321 1769 habita·

284 1793 394 1858 culum
415 1816 653 1876 marmoreum,
672 1801 707 1864 in
725 1803 858 1868 modum
888 1806 1005 1891 templi
1029 1805 1156 1874 factum
1178 1828 1240 1894 per
1258 1828 1322 1874 an·

284 1901 389 1985 gelos,
404 1901 446 1966 ad
459 1902 546 1988 quod
558 1899 853 1992 peregrini,'semel
865 1899 899 1976 in
910 1931 1011 1988 anno,
1022 1914 1108 1978 mari
1121 1913 1242 1991 diviso,
1251 1934 1324 2001 per·

283 2013 379 2092 gunt,
395 2017 595 2079 enarrantes
612 2014 671 2078 Dei
687 2015 867 2081 mirabilia.
884 2018 927 2082 Et
942 2017 1067 2085 dicitur
1083 2019 1171 2104 quod
1187 2019 1321 2106 quidam

232 2127 264 2181 io
282 2116 480 2200 peregrinus
497 2117 542 2182 ibi
555 2118 759 2186 obdormiuit
773 2142 911 2207 sompno
927 2124 1075 2201 carnali;
1098 2127 1249 2210 marique
1265 2145 1322 2190 re·

282 2238 393 2296 uerso,
416 2221 585 2287 dormiens
609 2228 785 2292 remansit.
804 2229 846 2294 Et
868 2248 956 2293 anno
973 2229 1139 2307 reuoluto,
1158 2232 1258 2296 uiuus
1272 2230 1321 2294 in·

283 2332 404 2392 uentus
432 2329 513 2407 iuit;
542 2331 700 2421 similiter
726 2333 766 2398 de
791 2333 922 2401 infante
938 2334 1118 2420 quodama
1138 2341 1247 2402 matre
1265 2335 1321 2401 in·

282 2434 583 2518 cauptederelioto.

630 2759 682 2826 De
694 2773 810 2828 sancto
821 2760 841 2826 1
841 2761 968 2846 quatio.

324 2974 363 3037 In
377 2973 434 3037 illo
446 2978 596 3059 tempore
612 2974 676 3039 iste
695 2975 861 3040 Traianus
874 2975 1041 3058 martyrio
1055 2973 1233 3040 coronauit
1245 2971 1321 3038 bea·

281 3088 351 3144 tum
363 3079 547 3165 ignatium,
562 3081 672 3145 sancti
687 3080 849 3145 Iohannis
859 3080 1091 3165 euuangeliste
1105 3079 1318 3166 discipulum,

280 3189 536 3273 episcopumque
564 3193 640 3272 post
676 3187 814 3253 Petrum
854 3185 1138 3251 Anthiochenum.
1173 3187 1220 3250 Do
1253 3185 1320 3250 isto

280 3300 398 3360 sancto
417 3295 564 3380 ignatio,
578 3298 741 3378 martyre,
757 3291 918 3358 scribitur
945 3292 979 3355 in
997 3291 1141 3358 historia
1159 3291 1321 3356 ecclesia·

281 3399 368 3463 stica
379 3398 466 3483 quod
493 3398 590 3466 beate
613 3399 721 3464 Mario
740 3399 879 3484 uirgini,
899 3399 958 3464 Dei
975 3399 1089 3475 matri,
1104 3399 1242 3484 scripsit
1260 3397 1320 3463 lit-

227 3508 262 3563 ‘20
280 3509 374 3570 teras
396 3504 430 3569 in
456 3505 546 3570 hunc
566 3505 724 3583 modum:
745 3535 759 3560 a
778 3505 965 3591 Xpistifere
981 3506 1088 3571 Marie
1111 3525 1193 3570 suus
1215 3506 1320 3591 Igna-

281 3640 297 3669 κ
324 3611 404 3675 tius.
432 3611 486 3674 Me
509 3611 748 3697 neophiletum,
774 3611 1002 3697 Iohannisque
1028 3612 1078 3678 tui
1102 3610 1316 3696 discipulum,

281 3746 296 3775 a
324 3715 518 3802 confortare
546 3722 581 3783 et
614 3717 783 3784 consolari
810 3716 986 3783 debueras.
1022 3719 1069 3782 De
1103 3715 1204 3782 Ihesu
1229 3717 1318 3781 enim

281 3853 297 3881 a
324 3829 383 3889 tuo
409 3824 539 3910 precepi
567 3824 654 3889 mira
680 3825 715 3890 in
748 3824 839 3891 dictu
868 3830 903 3890 et
928 3824 1137 3910 stupefactus
1168 3844 1240 3888 sum
1277 3843 1319 3889 ex

282 3963 297 3988 ι
325 3931 455 3998 auditu.
483 3933 567 3999 Ate
599 3936 724 4006 autem,
746 3953 810 4018 que
830 3931 1040 4018 superfuisti,
1058 3931 1089 3995 ei
1116 3929 1319 3995 familiarius

282 4069 296 4094 u
324 4039 505 4105 coniuncta
527 4044 562 4106 et
590 4041 795 4104 secretorum
825 4039 898 4103 eius
921 4037 1068 4114 conscia,
1094 4024 1249 4102 desideio
1276 4056 1319 4102 ex

281 4177 295 4205 u
325 4145 438 4214 animo
460 4143 533 4212 fieri
559 4145 685 4211 certior
703 4164 745 4209 ex
764 4144 901 4211 auditis.
930 4143 1072 4222 Valeas;
1087 4147 1122 4209 et
1151 4141 1315 4229 neophiti,
