2970 5430
710 384 873 443 ...473-

276 520 339 595 Qui
363 536 521 585 reuersus
546 515 712 603 reginam,
737 512 850 579 adhuc
865 530 941 579 eum
956 511 993 579 in
1010 510 1131 581 mmm
1144 508 1310 581 oiioudou-

275 630 357 705 tem,
381 622 534 709 reliquit.
551 621 642 687 Duas
656 618 758 697 filias,
776 636 860 705 quas
878 638 923 685 ox
936 636 978 685 ea
1002 614 1166 695 namnet,
1189 614 1311 685 (luobus

275 731 354 799 filiis
374 726 564 795 Theobardi
582 726 716 795 comitis
734 726 923 795 mariiauit.
944 724 1107 795 Prodictu
1117 724 1313 813 regiumiiu

274 836 407 914 relicta,
422 836 536 923 nupsit
551 835 713 911 Dourion,
730 834 845 901 comiti
858 832 1112 923 Andagauouoi,
1128 832 1188 919 qui
1199 836 1314 921 posin

275 942 341 1009 fuit
365 960 426 1007 rex
453 940 652 1029 Anglorum.
682 940 873 1007 Ludouious
903 959 965 1007 rex
983 938 1085 1009 duxit
1109 940 1148 1007 iu
1177 958 1313 1009 uxoren

275 1049 526 1127 Constantiam,
543 1048 648 1115 filiam
663 1050 756 1135 regis
769 1048 946 1135 Hisponis,
963 1066 1028 1135 quc
1052 1050 1158 1135 portu
1182 1050 1316 1117 molius

274 1160 337 1223 est.
354 1154 505 1222 Tandem
516 1155 658 1223 consilio
672 1174 849 1242 procerum
866 1174 929 1223 rox
940 1154 1044 1223 alium
1057 1152 1160 1223 duxit
1174 1150 1314 1225 moun

273 1267 431 1363 videlicet
457 1266 561 1333 filiam
591 1266 788 1347 Theobuldi,
825 1268 960 1335 comitis
982 1266 1183 1357 Componis,
1221 1286 1315 1337 soro-

273 1394 345 1441 rem
365 1374 517 1453 Hernici,
548 1374 682 1441 comitis
714 1373 910 1460 Campania,
941 1372 1142 1455 Theobuidi‚
1182 1374 1315 1443 conius

221 1486 254 1543 10
274 1480 456 1559 Blesonsis,
489 1480 666 1567 Stephani,
708 1481 843 1549 comitis
872 1480 1097 1549 Socricescris
1135 1486 1173 1551 ot
1220 1482 1315 1551 Guil-

274 1587 378 1667 lolmi,
407 1587 534 1665 clerici,
559 1588 615 1673 qni
634 1593 712 1674 post
738 1588 802 1655 hec
824 1586 891 1655 fuit
916 1588 1192 1676 archiepiscopus
1211 1588 1314 1659 Scuo·

274 1694 389 1759 nensis
416 1698 553 1781 etpost
583 1694 771 1761 Remensis.
803 1694 857 1761 Ex
889 1694 998 1761 Adola
1024 1700 1129 1763 nutus
1162 1698 1220 1765 est
1243 1694 1314 1785 rogi

272 1798 363 1865 filins
377 1802 512 1867 nomine
533 1800 722 1887 Philippus,
749 1800 806 1887 qni
831 1804 909 1888 post
922 1800 990 1869 fuit
1013 1820 1078 1869 uox
1094 1800 1334 1893 uictoriouus„

273 1909 308 1970 et
334 1903 417 1984 filia,
440 1926 503 1993 qne
534 1910 612 1993 post
640 1904 706 1974 fuit
731 1907 879 1975 coniunx
908 1906 1125 1997 imperatorin
1152 1906 1315 1979 commu

274 2013 504 2100 tinopolitani.

316 2120 417 2187 Anno
429 2123 562 2188 Domini
578 2122 955 2191 millesimo-centesimo
968 2120 1235 2211 quadragesimo
1247 2142 1317 2213 oop-

273 2229 368 2307 timo,
384 2229 560 2298 destructa
570 2230 1059 2299 foitcommnniaSenonensis
1075 2248 1192 2319 oropo
1203 2230 1316 2299 Ludo-
1368 2292 1371 2297 .

276 2336 362 2413 uico,
393 2336 528 2404 iubente
542 2338 694 2425 fingenio
706 2358 805 2425 papa,
825 2337 1005 2405 aclamoro
1025 2356 1221 2427 procorum,
1243 2356 1317 2427 pro·

273 2450 415 2510 curante
427 2443 562 2511 domino
576 2444 757 2523 Herbcrto,
775 2444 897 2513 abbate
909 2444 1247 2525 Sancti-Petn-vim,
1260 2444 1317 2533 qui

218 2536 253 2593 ‘²⁰
272 2549 337 2615 hac
351 2549 392 2615 de
404 2570 508 2617 causa
520 2572 541 2617 a
555 2552 693 2619 rusticis
707 2550 854 2619 infectus
866 2556 929 2635 esi,
947 2570 1022 2619 cum
1036 2550 1186 2640 quodum
1195 2556 1318 2641 nepotc

273 2678 346 2735 suo,
361 2660 483 2738 milito,
502 2661 636 2727 nomine
649 2660 829 2738 Herberto,
850 2660 885 2725 in
897 2660 1048 2729 claustro
1058 2658 1313 2729 monachorum.

272 2765 528 2852 Proposuerant
541 2766 623 2834 dicti
635 2766 740 2834 abbas
751 2774 787 2835 ct
803 2786 907 2854 nepos
921 2768 972 2833 iro
986 2766 1078 2835 ultro
1089 2786 1187 2835 moro
1203 2764 1246 2833 od
1261 2784 1319 2833 ro·

272 2874 488 2957 quisitionsm
506 2876 610 2962 regis.

318 2981 443 3047 Eodem
459 3002 549 3048 anno
565 2984 724 3069 apparuit
739 2982 839 3050 stella
856 2986 1001 3049 cometa.

316 3090 415 3155 Anno
432 3090 565 3155 Domini
582 3090 758 3157 millesimo
774 3089 958 3156 contesimo
979 3088 1243 3185 quadragesimp
1261 3108 1321 3159 oc-

272 3200 364 3273 iano,
380 3202 518 3263 sanctus
534 3196 753 3277 Memnonios,
768 3198 1001 3284 Iherosolymo
1024 3196 1317 3289 archiepiscopus,

272 3302 360 3389 apud
374 3303 662 3371 Claram-Vallem
679 3306 763 3372 obiit
776 3310 897 3391 quarto
910 3324 1018 3373 nonas
1030 3304 1239 3373 nouombris.
1254 3304 1321 3373 Hic

273 3411 456 3479 multorum
473 3418 682 3481 mortuorum
703 3415 888 3481 suscitator
910 3418 946 3481 et
962 3414 1146 3483 multorum
1172 3412 1338 3483 miracu·-

272 3517 380 3584 lornm
395 3526 594 3607 cooperator
609 3518 687 3599 init,
703 3522 844 3589 Domino
859 3519 1077 3589 concedente.

220 3613 253 3669 30
316 3626 415 3689 Anno
442 3625 575 3693 Domini
604 3627 782 3696 millesimo
812 3630 998 3697 centesimo
1018 3628 1318 3719 puinqmgeeimo,

272 3730 453 3811 Henricus,
481 3734 635 3812 clericus,
670 3733 779 3803 irater
805 3736 968 3803 Lndouici
996 3734 1102 3823 rogis,
1126 3736 1323 3807 monachus

272 3838 382 3905 factus
396 3845 449 3906 est
460 3840 501 3905 de
511 3840 736 3921 Clara-Valle,
749 3849 825 3931 post
835 3863 876 3910 ea
891 3844 1067 3931 episcopus
1081 3842 1321 3923 Boluucouuiu,

272 3964 311 4011 ac
327 3945 447 4014 deinde
457 3950 730 4038 archiepiscopus
748 3952 938 4018 Remonsis.

316 4055 415 4123 Anno
445 4056 578 4124 Domini
612 4059 790 4127 millesimo
822 4060 1008 4129 contesimo
1035 4060 1322 4153 quinquagesimo
