2970 5430
728 500 888 562 -300-

277 651 351 700 eam
371 633 582 720 cognouisse.
600 629 664 697 Illa
681 651 762 696 uero
787 632 953 720 uirginem
978 653 1015 701 se
1040 653 1115 701 esse
1135 635 1301 724 gloriatur.

275 738 422 826 Accepto
438 736 588 842 repudio,
609 740 850 805 monasterium
866 741 1023 811 intrauit.

321 955 396 1021 Hiis
415 953 543 1031 diebus,
571 952 714 1040 Vingari
740 973 761 1018 a
786 953 907 1022 Cuscia
928 962 1097 1027 venerunt
1116 958 1153 1025 in
1178 958 1304 1027 Pauuo-

276 1063 380 1138 niam,
401 1065 435 1127 et
450 1059 496 1125 ibi
511 1065 762 1139 remanserunt,
788 1062 947 1128 carnibus
962 1063 1076 1130 crudis
1093 1063 1262 1133 adcitum
1278 1071 1304 1137 ct

275 1169 421 1234 humano
448 1168 613 1254 sunguine
635 1166 678 1233 ad
708 1171 822 1253 potum
849 1167 1045 1248 utebantur,
1075 1170 1167 1239 sicut
1189 1170 1304 1242 fatiunt

275 1276 435 1363 phalangi
453 1276 509 1361 qui
528 1274 619 1341 ultra
640 1273 815 1340 Ruthenos
833 1281 1021 1344 morantur.

316 1485 481 1554 Defuncto
497 1485 624 1552 Kurolo
640 1485 705 1565 ΙΙΙ,
722 1487 931 1576 arnulphus,
949 1488 1040 1556 filius
1053 1509 1136 1557 suus
1151 1510 1196 1559 ax
1212 1490 1304 1560 nobiti

274 1593 331 1661 sed
348 1614 415 1659 non
432 1613 475 1659 ex
489 1591 654 1679 legitima,
667 1611 786 1679 parum
808 1595 1001 1681 imperauit.
1020 1593 1148 1663 Postea
1177 1597 1304 1665 uiuente

272 1698 462 1786 Arnulpho,

220 1824 255 1881 10
316 1806 520 1885 Ludouicus,
547 1826 609 1872 rex
630 1807 851 1885 Francorum,
875 1806 1067 1894 imperauit.
1084 1843 1132 1860 -
1148 1809 1235 1879 Post
1244 1810 1304 1878 Lu·

272 1915 439 1993 donicum,
453 1915 548 1980 cuius
565 1913 671 1978 uitam
684 1914 720 1978 in
735 1910 840 1978 Gestis
851 1911 1062 1981 Francorum
1073 1915 1244 1998 inuenies,
1255 1917 1305 1983 im·

271 2023 405 2111 perauit
420 2021 579 2097 Karolus,
599 2020 869 2106 consanguineus
884 2041 976 2088 suus.

317 2129 465 2196 Karolus
476 2127 537 2205 IV,
560 2146 621 2191 rex
645 2125 855 2193 Alemannie.
871 2163 913 2177 -
935 2126 1133 2195 Laudabilis
1148 2133 1186 2197 et
1205 2129 1306 2198 uicto·

272 2239 394 2302 riosus.
408 2236 491 2302 Post
503 2233 628 2299 multus
640 2232 824 2311 Victorius,
836 2232 995 2313 Karolus‚
1008 2232 1049 2301 ab
1060 2254 1144 2322 apro
1157 2235 1194 2302 in
1206 2254 1305 2303 uena·

272 2343 365 2409 tione
391 2359 583 2427 percussus
611 2338 707 2406 obiit.
733 2339 817 2406 Post
851 2339 1028 2418 Karolum,
1055 2340 1145 2408 atius
1165 2342 1307 2411 Karalus

273 2469 315 2514 ex
330 2468 454 2536 genere
466 2467 582 2535 regum
596 2447 804 2513 Francorum
818 2453 854 2515 et
868 2447 1081 2515 Alemannis.

315 2663 463 2730 Karolus
482 2663 522 2730 V.
538 2698 583 2713 -
602 2663 728 2728 Parum
752 2663 945 2750 imperauit,
960 2662 1193 2754 quiapropter
1215 2662 1309 2733 infir·

272 2771 425 2836 mitatem
441 2771 634 2835 continuam
649 2769 781 2836 inutilis
798 2774 882 2838 erat.

314 2877 658 2964 Arnulphus.-Iste
672 2876 870 2964 Arnulphus
885 2896 952 2944 non
963 2896 1006 2944 ex
1019 2876 1175 2966 legitima
1187 2876 1308 2946 iterum

219 3009 254 3067 20
272 2984 475 3071 imperauit;
503 3003 593 3051 anno
618 2983 752 3050 Domini
781 2982 1064 3070 octingentesimo
1092 2983 1311 3072 nonagesimo

271 3111 360 3160 nono
390 3091 485 3157 obiit.
513 3092 583 3157 Iste
611 3091 885 3156 Normannorum
921 3088 1094 3156 residuum
1127 3089 1312 3159 destruxit.

271 3201 396 3267 Postea
411 3180 616 3276 infirmatur,
626 3196 719 3263 nulla
727 3201 802 3264 arte
810 3194 1003 3262 medicinali
1018 3194 1170 3276 adiutus,
1178 3216 1282 3283 quum
1295 3216 1316 3264 a

270 3303 433 3392 pediculis
448 3309 714 3371 consumeretur.
725 3302 895 3371 Successit
907 3301 997 3369 filius
1007 3322 1088 3369 suus
1100 3300 1312 3385 Ludouicus;

272 3410 330 3477 sed
345 3409 387 3476 ad
404 3430 562 3477 coronam
578 3430 644 3476 non
659 3409 827 3497 peruenit,
844 3428 906 3477 nec
926 3408 1070 3476 heredes
1092 3409 1147 3476 sui
1161 3406 1240 3490 filii,
1259 3409 1316 3497 qui

272 3518 359 3585 male
388 3518 561 3598 uiuebant,
594 3516 754 3585 ecclesias
793 3535 877 3604 quas
906 3519 1023 3604 patres
1036 3518 1318 3585 construxerant

272 3623 488 3692 destruendo.

314 3845 505 3913 Ludouicus
519 3845 583 3913 ΙΙΙ.
600 3845 842 3932 -Imperium
865 3841 1053 3914 diuiditur:
1077 3852 1317 3934 regnauerunt

270 3955 404 4042 quidum
420 3953 631 4033 iuYtaliarn‚
653 3958 689 4020 et
708 3952 844 4040 quidam
874 3952 911 4018 in
932 3952 1159 4021 Alemaniam.
1184 3954 1317 4023 Tamen

270 4061 403 4150 fugauit
429 4058 621 4128 Ludouicus
652 4059 907 4147 Berengerium.
938 4058 1079 4127 Demum
1117 4056 1317 4131 Ludouicus

219 4196 253 4254 30
269 4174 459 4252 excecatur,
482 4174 517 4235 et
534 4167 759 4254 Berengerius
774 4164 979 4234 restituitur.
