2970 5430
570 510 585 524 ,
701 478 861 541 -180—

303 609 554 692 Faramundus,
585 613 684 680 annis
710 609 903 689 duodecim,
931 603 1070 696 paribus
1095 596 1298 684 Galliam,

258 745 340 812 quos
356 742 489 790 armare
501 727 536 788 et
551 722 704 807 equitare
717 740 757 786 ac
768 719 872 785 etiam
889 716 1034 782 alterum
1052 718 1174 780 contra
1195 712 1299 780 alium

257 853 331 898 cum
348 832 466 897 lancea
484 829 632 896 militare
647 828 819 903 docuerat,
835 843 897 889 rex
918 823 1125 887 Francorum
1146 837 1300 886 commu·

256 937 346 1003 niter
365 933 561 1002 uocabatur.
579 935 702 1000 Franci
715 952 808 1009 vero,
819 930 880 996 sub
892 924 1118 1005 Faramundo,
1127 944 1211 1014 rege
1223 944 1297 1005 suo,

255 1064 315 1130 per
335 1043 428 1130 leges
443 1063 463 1108 a
479 1043 669 1129 semetipsis
685 1039 861 1125 impositas
882 1033 1057 1102 curialiter
1072 1031 1249 1111 uiuehant,
1265 1036 1300 1100 et

255 1151 340 1216 nulli
356 1150 527 1215 innocenti
544 1147 722 1214 nocebant.
745 1145 994 1220 Possessiones‚
1013 1139 1152 1206 mobilia
1175 1141 1213 1206 et
1233 1137 1299 1203 im·

254 1257 403 1335 mobilia,
431 1256 594 1333 seruitiis,
613 1250 879 1329 defensionibus
905 1247 1145 1323 matrimoniis,
1167 1262 1300 1311 sermo·

255 1363 353 1429 nibus
379 1360 550 1428 mellifluis
577 1361 701 1446 absque
723 1357 854 1435 lraude,
882 1355 946 1421 sihi
969 1359 1004 1421 et
1027 1353 1098 1418 suis
1116 1348 1298 1417 heredibus

255 1468 486 1555 acquirebant,
506 1487 568 1534 sua
580 1468 726 1533 viriliter
737 1462 957 1530 defendendo.
971 1461 1060 1560 llicit
1077 1460 1112 1525 in
1123 1457 1297 1525 Pentheum

204 1572 236 1630 ¹⁰
254 1580 418 1666 magister
432 1575 658 1644 Getheiredus
673 1572 760 1660 quod
775 1578 877 1638 antea
895 1571 1047 1656 linguam
1061 1568 1235 1635 troianam
1250 1568 1297 1633 te·

256 1685 400 1763 nebant;
419 1683 483 1749 sed
506 1687 637 1769 postea,
654 1681 733 1767 quia
757 1678 886 1745 Gallias
907 1674 1105 1763 diligebant,
1129 1670 1295 1760 loquelam

256 1811 319 1877 que
334 1795 409 1857 erat
429 1810 529 1877 super
551 1771 703 1874 Sequane
729 1785 869 1852 fluuium
890 1785 1091 1861 tenuerunt;
1113 1784 1232 1848 tamen
1253 1779 1297 1846 lo·

256 1897 387 1983 qnelam
423 1895 576 1962 fecerunt
610 1897 645 1959 in
681 1891 848 1979 aliquibus
878 1890 1079 1956 breuiatam.
1120 1886 1294 1965 Curiales,

254 2003 364 2081 mites,
389 2003 483 2079 iusti,
508 2001 626 2067 habitu
648 1997 763 2066 mundi
786 2006 821 2066 et
839 1998 980 2076 nobiles,
998 1998 1071 2064 loco
1094 2000 1130 2064 et
1145 1988 1296 2083 tangore

254 2107 399 2173 humiles
421 2112 455 2174 et
473 2107 615 2184 feroces,
640 2106 715 2192 plus
738 2105 878 2173 subtiles
897 2125 996 2192 quam
1013 2103 1132 2181 fortes,
1148 2100 1294 2191 prouidi,

255 2213 437 2298 sapientes,
456 2212 604 2290 honesti,
623 2213 785 2279 amabiles
800 2217 835 2278 et
856 2210 1043 2278 laudabiles
1064 2229 1148 2297 erga
1166 2209 1296 2277 uicinos

253 2323 288 2382 et
303 2316 455 2383 subditos
468 2319 668 2386 extiterunt.
689 2320 814 2406 Regem
832 2340 927 2385 suum
941 2325 976 2386 et
988 2318 1181 2406 superiores
1194 2317 1297 2386 time-

254 2424 336 2491 bant
356 2430 391 2491 et
416 2425 643 2504 honorabant,
670 2433 705 2493 et
727 2447 841 2493 amore
870 2427 1057 2513 diligebant
1079 2425 1198 2504 nimio,
1216 2422 1297 2491 obe-

254 2530 387 2609 diendo,
406 2531 586 2610 laudando,
613 2533 726 2598 verbis
749 2532 932 2598 humilibus
956 2531 1188 2618 colloquend0‚
1211 2530 1296 2600 totis

199 2627 236 2685 ‘2⁰
253 2636 382 2703 viribus
395 2636 616 2717 defendendo,
628 2645 664 2705 et
675 2638 892 2706 laudabiliter
906 2638 1150 2706 conseruando.
1168 2637 1296 2706 Contra

253 2745 421 2823 inimicos
457 2744 611 2824 rebelles,
646 2747 822 2825 barbaros,
855 2745 1171 2833 contraditoresqne
1202 2745 1296 2834 pacis

253 2851 360 2919 fortes
375 2857 485 2920 erant.
499 2855 640 2940 Ingenio
652 2853 778 2933 callidi,
793 2854 935 2920 concilio
949 2852 1037 2920 firmi
1051 2857 1086 2920 et
1097 2851 1293 2940 prudentes,

254 2959 381 3044 seipsos
398 2959 439 3025 sd
457 2961 601 3026 inuicem
625 2959 818 3047 diligentes,
837 2961 941 3026 armis
965 2959 1056 3028 docti
1080 2963 1115 3033 et
1138 2959 1297 3027 inuictis-

254 3066 343 3144 simi,
361 3071 461 3153 atque
485 3068 616 3133 strenui
631 3066 825 3144 bellatores,
848 3074 883 3135 et
899 3070 988 3136 sicut
1002 3066 1044 3134 de
1063 3068 1113 3134 eis
1131 3068 1295 3156 scriptum

253 3176 318 3250 est,
335 3171 410 3259 plus
427 3174 531 3239 armis
544 3193 642 3259 quam
659 3173 724 3239 diis
742 3173 839 3240 lalsis
854 3175 1034 3243 uocabant.
1048 3176 1175 3241 Tamen
1189 3172 1295 3241 Deum

254 3299 371 3344 uerum
397 3280 534 3346 minime
555 3281 823 3368 cognoscebant;
849 3284 884 3348 in
903 3282 1035 3351 actibus
1060 3287 1176 3351 tamen
1203 3284 1297 3371 ipso·

255 3405 341 3463 rum,
356 3405 423 3450 non
436 3387 610 3453 inuenitur
625 3407 686 3452 rex
698 3387 751 3452 uel
764 3389 931 3475 princeps,
950 3389 1005 3475 qui
1021 3408 1168 3475 unquam
1180 3386 1296 3476 predi·

253 3498 401 3557 catorem
426 3493 584 3559 ueritatis
607 3493 831 3580 repulissent3
864 3514 925 3560 nec
955 3495 1148 3581 xpistianus
1172 3493 1295 3581 aliquis

253 3617 423 3682 nunquam
446 3598 571 3684 legitur
590 3620 650 3686 per
672 3601 763 3686 ipsos
789 3602 955 3688 martyrio
977 3603 1145 3670 coronari.
1167 3602 1295 3669 Tamen

46 3727 65 3757 ο
199 3703 235 3761 30
254 3709 373 3770 contra
385 3724 547 3791 paganos
566 3706 683 3771 iudeos
701 3712 735 3773 et
749 3706 952 3792 xpistianos,
974 3707 1113 3774 ueritati
1129 3726 1198 3774 non
1220 3726 1296 3775 eon·

253 3812 462 3891 tradicendo,
490 3812 548 3878 sed
575 3832 654 3878 suas
680 3815 911 3900 possessiones
937 3811 1168 3892 defendendo„
1185 3811 1295 3880 modis

253 3918 407 3985 omnibus
422 3921 570 3986 uiriliter
589 3925 624 3985 et
639 3919 855 3987 laudabiliter
871 3941 907 3987 se
925 3925 960 3988 et
978 3941 1040 3987 sua
1058 3921 1198 4010 propria
1212 3940 1295 3989 con·

253 4025 449 4093 seruabant.
461 4027 609 4115 Sponsas
624 4048 703 4093 suas
718 4028 891 4109 amabant,
903 4034 938 4096 et
953 4026 1168 4096 honorabant
1178 4033 1294 4116 patres

252 4142 286 4203 et
304 4141 444 4216 matres,
459 4140 494 4201 et
509 4134 760 4203 uenerabantur
774 4135 912 4217 iratres,
928 4153 1075 4218 sorores,
1094 4133 1295 4226 consanguie
