2918 5046
715 480 875 539 -514-

280 610 388 679 frater
399 611 576 694 Iordanes,
595 610 725 677 ordinis
737 608 993 677 Predicatorum
1006 610 1187 697 magister,
1203 610 1316 677 missus

279 718 321 783 ad
334 718 573 805 predicandum
586 716 796 793 sarracenis,
812 715 896 783 obiit
911 716 944 781 in
959 716 1093 804 porticu
1106 716 1226 783 maris.

322 826 385 891 Illo
399 832 561 911 tempore,
585 825 651 892 duo
664 824 831 911 principes
849 824 1034 891 Grecorum
1057 824 1268 895 Uestachius
1286 836 1314 893 et

280 931 453 1012 Duxanus,
478 954 594 1021 pacem
629 932 772 997 invicem
806 930 982 1011 facientes,
1000 938 1125 999 contra
1147 932 1313 1019 imperinm

276 1036 689 1127 constantinopolitanum
729 1037 954 1105 bellauerunt.
996 1038 1129 1105 Videas
1157 1038 1313 1107 Iohannes

275 1146 460 1232 imperator
471 1146 558 1234 quod
575 1148 648 1213 sine
659 1147 800 1212 Francis
813 1166 879 1211 non
896 1147 1058 1213 resistere
1080 1152 1214 1235 posset.
1233 1146 1312 1215 misit

276 1251 490 1329 Balduinnm,
509 1256 641 1341 imperii
652 1252 823 1329 heredem,
838 1251 880 1317 ad
891 1254 1163 1339 generositatem
1179 1254 1310 1321 suanir

275 1358 462 1426 Frentiam.
479 1360 758 1447 Consanguineus
773 1364 848 1427 erat
860 1357 948 1424 idem
965 1358 1157 1427 Balduinns
1179 1362 1310 1449 regiae

273 1470 390 1553 regine
405 1476 440 1537 et
464 1469 625 1547 Blanche,
645 1474 680 1533 et
696 1472 832 1553 neptam
856 1464 982 1532 habeat
1005 1465 1100 1531 iilius
1123 1466 1307 1534 Bianohe'n

222 1568 254 1625 ¹0
271 1594 424 1641 rnorem.
442 1577 525 1642 Dum
537 1576 748 1664 peruenisset
759 1574 794 1639 in
808 1572 998 1649 Frnrrtiam,
1013 1572 1100 1641 obiit
1111 1570 1306 1639 cuiusflliu

271 1678 427 1747 habebat.
445 1680 630 1746 Balduinus
646 1687 681 1746 et
696 1678 840 1745 barones
856 1676 1246 1763 Constantinopolitani,
1265 1696 1308 1743 ne

271 1788 431 1853 cessitate
444 1796 598 1875 urgente,
617 1792 804 1875 posuerunt
819 1782 906 1871 apud
923 1782 1072 1851 Uenetos
1091 1804 1157 1871 pro
1180 1786 1308 1873 pignore

271 1900 424 1957 sanctam
461 1914 619 1959 coronam
660 1892 792 1959 Domini
829 1892 992 1977 spineam.
1021 1888 1096 1963 Quo
1124 1892 1244 1979 agnito
1279 1892 1306 1955 in

269 1999 423 2077 Francia,
441 2021 502 2066 rex
514 2000 706 2066 Ludouicus
718 2018 816 2085 prece
825 1996 972 2063 obtinuit
987 1994 1203 2075 aBalduino,
1215 2006 1251 2067 ut
1263 2016 1308 2063 co·

271 2126 387 2173 ronam
407 2108 633 2185 redimeret,e
667 2108 820 2173 Parisius
836 2104 1058 2183 reconderet;
1075 2110 1113 2171 et
1128 2106 1180 2171 sic
1191 2104 1306 2185 sactum

269 2222 333 2291 est,
354 2221 391 2281 ut
416 2214 570 2281 dominns
583 2214 754 2292 Galterus,
768 2212 1055 2299 archiepiscopus,
1071 2210 1209 2279 inlibro
1219 2229 1306 2301 qus!

270 2317 361 2397 iecit,
381 2320 581 2391 declareuit.

310 2535 371 2600 Illo
388 2540 551 2623 tempore,
570 2538 741 2625 proprium
759 2536 865 2602 filium
884 2536 1069 2603 Henricum
1090 2536 1240 2613 nomine,
1256 2554 1305 2601 re·

265 2663 339 2727 gem
349 2643 537 2723 Alemanie,
553 2648 707 2733 quianon
717 2645 815 2711 malis
827 2646 936 2731 patris
944 2642 1196 2723 consentiebat,
1208 2644 1300 2731 oepit.

210 2752 246 2809 ‘20
264 2756 299 2817 et
329 2752 363 2815 in
378 2753 556 2840 :ippuliam
582 2753 692 2831 (luxit,
717 2754 751 2818 in
772 2772 972 2838 carcereque
987 2749 1084 2816 illum
1106 2748 1300 2817 subtocsuit.

310 2968 372 3033 Illo
388 2975 549 3055 tempore,
575 2969 774 3035 Fredericus
790 2968 953 3033 transiuit
973 2966 1067 3033 ultra
1083 2986 1192 3044 mare,
1206 2963 1298 3029 relio-

264 3094 369 3159 quens
398 3078 580 3163 xpistianis
606 3078 846 3143 Terre-Sancte
872 3076 1032 3141 maiorem
1063 3074 1296 3143 desolationem

264 3200 363 3265 quam
384 3184 660 3251 consolationem.

309 3288 542 3377 Illotempore,
559 3291 757 3357 Fredericus
776 3290 911 3355 domino
925 3288 1178 3377 papeperdaos
1190 3304 1295 3355 nerem

265 3394 455 3463 huiusmodi
473 3398 691 3465 mandatum:

372 3576 466 3633 iterna
477 3577 527 3633 diu
540 3576 678 3639 titubans,
694 3576 789 3645 longis
801 3576 946 3635 erroribus
960 3586 1035 3645 ecte.

371 3665 502 3735 corruet,
520 3676 550 3724 ct
560 3666 663 3723 ruendi
679 3666 792 3723 desinet
805 3682 869 3723 esse
882 3676 978 3739 caput.

310 3848 373 3913 Illo
394 3854 556 3935 tempore,
584 3851 674 3915 inter
703 3848 912 3914 dicmaniam
940 3854 976 3915 et
1002 3846 1240 3915 Lomberdiem
1265 3860 1293 3909 et

265 3956 505 4043 Burgundioni,
525 3978 611 4021 uirus
627 3957 794 4021 maximus
810 3974 918 4033 raons,
940 3974 976 4019 sc
992 3953 1151 4021 diuidens
1165 3954 1208 4021 ab
1226 3952 1294 4019 aliis

207 4063 242 4119 3⁰
263 4066 443 4143 montibus,
460 4086 519 4152 pet·
533 4066 640 4131 multa
657 4066 805 4131 miliaria
816 4062 990 4131 cuiusdam
1006 4061 1109 4129 uallis
1130 4062 1292 4129 transiens

260 4174 303 4241 ad
319 4174 404 4241 alios
418 4186 562 4251 montes,
581 4172 738 4249 accessit,
756 4192 874 4239 omncs
887 4172 921 4237 in
942 4168 1031 4235 ualle
1046 4172 1143 4237 tem
1159 4176 1194 4238 et
1217 4164 1292 4253 lapi·
