2918 5046
807 398 837 435 Vl

297 511 387 575 Petri
402 511 608 578 Senonencis
621 525 752 579 auctore
772 514 942 597 Gaaffrido
953 516 993 578 de
1012 513 1151 598 Cottone,
1169 519 1331 584 naonocbo

297 619 397 698 bajus
409 622 482 684 loci.
509 621 581 684 Mna
596 619 748 685 n'05463.

342 725 406 788 Les
426 722 515 791 deux
530 727 692 811 premiers
706 724 871 810 laisaient
882 728 972 792 alors
985 730 1094 814 partie
1107 729 1147 794 de
1166 729 1199 794 la
1216 729 1337 796 Biblio-

294 831 419 917 theque
437 830 477 896 de
491 833 537 897 M.
554 833 701 910 Colbert,
721 832 751 899 le
765 835 937 900 troisieme
951 837 1036 902 etait
1051 842 1146 903 entre
1165 837 1212 902 les
1226 839 1335 902 mains

295 936 339 1002 du
354 943 476 1005 suvant
491 939 529 1004 ll.
554 940 720 1013 llartene.
746 939 912 1027 religieux
936 941 1124 1010 benedictin
1153 942 1194 1008 de
1220 944 1335 1010 Saint-

295 1044 652 1111 Germain-des-Pres.

339 1153 385 1218 M.
404 1154 444 1218 V.
465 1153 511 1218 Le
526 1153 634 1231 Clerc,
652 1155 799 1220 membre
813 1154 853 1219 de
878 1154 1056 1233 l'Institut,
1094 1157 1142 1222 les
1176 1178 1197 1222 a
1216 1157 1335 1222 vaine-

296 1266 390 1327 ment
401 1261 562 1326 cherches
578 1282 620 1326 en
652 1263 738 1327 1844
757 1262 842 1327 dans
868 1262 917 1327 les
937 1261 1054 1349 depots
1079 1263 1264 1329 litteraires
1289 1261 1330 1329 de

296 1367 395 1432 Paris
410 1369 472 1455 (l).
499 1367 623 1433 (int-ils
636 1371 689 1435 ete
703 1371 876 1435 retrouves
896 1368 910 1432 l

399 1575 425 1622 2·
442 1572 592 1622 naumain
606 1574 636 1623 de
649 1573 761 1636 l’obbupe
772 1573 803 1622 de
815 1571 1102 1635 Sciat-Pierre·lc·l'i{
1115 1574 1145 1623 de
1157 1574 1227 1622 Sene.

340 1762 490 1848 Lorsque
512 1764 592 1828 Dom
617 1760 793 1837 blathoud,
815 1762 928 1846 prieur
942 1759 983 1825 de
997 1760 1150 1847 l'abbaye
1165 1761 1205 1826 de
1216 1764 1334 1829 Saint-

296 1869 555 1946 Pierre-le-Vif,
567 1871 707 1936 derivait
722 1889 760 1932 sa
770 1867 989 1934 dissertation
1001 1888 1059 1932 sur
1075 1869 1122 1933 les
1134 1871 1282 1955 origines
1294 1870 1334 1936 de

294 1975 431 2063 l'Eglise
447 1977 487 2042 de
506 1978 602 2055 Sens,
620 1978 643 2042 il
659 1978 752 2042 avait
767 1983 862 2041 entre
875 1975 923 2041 les
951 1977 1059 2041 mains
1079 1975 1167 2042 deux
1196 1998 1336 2043 manus-

294 2083 388 2160 crits,
403 2084 566 2170 auxquels
582 2084 604 2148 il
616 2083 783 2150 attachait
794 2083 824 2148 le
841 2084 915 2169 plus
931 2084 1038 2170 grand
1055 2086 1131 2169 prix
1147 2106 1154 2160 ;
1172 2084 1331 2171 puisqu'il

295 2190 342 2255 les
359 2191 564 2258 considerait
584 2212 711 2258 comme
726 2191 785 2256 des
804 2192 1032 2279 autographes
1051 2191 1092 2257 de
1115 2191 1274 2279 Geoffroy
1293 2191 1334 2257 de

295 2296 452 2363 Codrion.
468 2299 564 2363 Voici
579 2320 615 2364 ce
631 2298 712 2386 qu'il
729 2320 769 2365 en
794 2297 845 2364 dit
857 2299 903 2385 (2)
924 2322 930 2364 :

340 2433 354 2459 a
373 2405 424 2469 Ex
438 2403 563 2470 eisdem
579 2407 674 2472 Actis
689 2405 735 2492 (3)
752 2407 880 2491 pariter
904 2405 1071 2492 decerpsit
1096 2427 1168 2492 quae
1184 2406 1286 2471 habet
1300 2409 1334 2471 in

294 2509 459 2576 Chronico
470 2532 529 2577 suo
539 2511 722 2577 Ganfridus
732 2532 753 2578 a
765 2511 900 2588 Colone,
916 2512 1082 2577 coenobita
1093 2513 1331 2591 Sancti-Petri,

294 2618 371 2684 vivi
387 2621 735 2704 cajaraulopruplium
743 2620 1028 2703 peaesoiebubco,
1044 2617 1208 2705 quodjam
1222 2617 1299 2704 perf
1318 2652 1335 2666 ·

294 2731 387 2793 cerat
399 2732 478 2818 ante
498 2746 622 2791 annum
643 2728 781 2792 laea...
800 2727 930 2792 Praeter
947 2726 1019 2812 ejus
1032 2725 1221 2791 Chronicon
1245 2726 1333 2820 mira

293 2836 459 2903 varietate
472 2841 506 2902 et
518 2835 707 2902 eruditione
723 2833 881 2920 locuples,
900 2833 986 2920 quod
1003 2855 1062 2921 per
1078 2834 1238 2901 tredecim
1264 2832 1334 2897 ser-

294 2964 345 3008 me
372 2942 530 3008 Ecclesiae
556 2941 678 3007 saecula
698 2942 857 3027 partitur,
888 2947 922 3008 et
948 2944 1000 3007 cui
1029 2942 1134 3007 lucem
1166 2940 1331 3027 publicam

293 3048 481 3116 meditabar
494 3067 582 3114 anno
597 3048 681 3113 1669
696 3068 770 3113 eum
785 3049 874 3114 notis
892 3054 926 3115 et
942 3047 1234 3115 observationibus
1250 3048 1333 3110 meis

294 3157 327 3220 in
343 3156 415 3242 ejus
430 3153 562 3222 tabulas
577 3154 832 3241 chronologicas
848 3180 855 3237 ;
874 3155 965 3222 aliud
983 3155 1137 3222 volumen
1160 3154 1333 3239 conscrip-

294 3262 339 3327 sit
354 3263 406 3327 cui
420 3262 539 3328 titulus
556 3262 639 3328 iste:
658 3263 785 3346 Incipit
802 3265 930 3329 libellus
941 3265 1162 3344 editarsaper
1176 3264 1332 3344 reliquiis

292 3379 490 3434 sanctorum
526 3381 772 3435 obsonatorum
802 3391 873 3454 qua
902 3376 941 3435 in
973 3369 1171 3432 llo-austerio
1197 3367 1333 3432 Sancti-

295 3478 406 3541 Petri·
415 3476 484 3540 Vini
508 3476 713 3544 senonensis
725 3484 965 3556 conti-nenium
982 3487 1012 3542 ct
1042 3478 1204 3560 puoniodo
1221 3487 1333 3542 traaa-

294 3586 438 3650 latacen
455 3584 583 3649 dormiat
599 3589 750 3667 fuciunt,
777 3595 808 3649 et
829 3585 869 3649 de
883 3586 1081 3668 fondatione
1097 3585 1182 3648 dicti
1198 3583 1330 3647 ,lionae-

294 3697 383 3759 tcrii.
408 3692 533 3758 Obvius
549 3692 632 3757 mihi
649 3692 712 3759 suit
741 3692 795 3757 hic
818 3691 923 3757 codex
953 3692 1063 3777 [quem
1088 3693 1335 3775 autographum

327 3922 361 3986 (l)
377 3922 488 3973 lllstolre
505 3919 628 3971 litteralia
640 3917 671 3970 dc
689 3919 714 3969 ln
729 3918 834 3985 Franco,
846 3924 866 3970 t
880 3919 932 3970 xli
948 3933 978 3984 p·
993 3924 1017 3971 a.

326 4003 360 4064 lt)
374 4001 410 4052 lie
421 4012 481 4051 veru
496 3998 628 4050 Senonum
642 4001 742 4062 origine
751 3999 901 4061 christiane,
914 4014 972 4065 pag.
985 4007 1025 4062 25,
1036 4003 1065 4051 21
1076 4003 1102 4052 ct
1113 4003 1153 4051 2⁸.

326 4085 362 4151 (t)
376 4084 438 4134 Actu
448 4079 575 4148 passionis
584 4082 663 4134 uncti
675 4082 812 4135 surlniunl.
