2918 5046
701 464 856 519 „50ss-

304 588 428 655 Eodem
448 610 550 670 auno,
575 592 744 679 principes
757 590 934 678 elegerunt
951 590 1170 661 Fredericurn
1187 596 1223 663 iu
1236 596 1297 661 irn-

260 703 463 783 peratorem,
481 700 537 783 qui
553 700 693 765 ueniens
710 698 849 784 nauigio
870 716 975 783 usque
997 698 1156 776 Romam,
1173 698 1298 767 honori·

259 804 320 869 tice
342 812 518 891 susceptus
533 810 596 871 est.
627 806 711 872 Post
730 805 764 870 in
780 804 992 871 alemaniam
1015 806 1158 873 ueniens
1183 814 1295 875 contra

258 910 431 988 Octonem,
450 912 590 979 mirifice
605 912 842 998 triumphauit.

301 1124 399 1189 Anno
411 1126 542 1193 Domini
558 1128 737 1193 millesimo
750 1127 980 1195 ducentesimo
996 1132 1032 1196 et
1045 1126 1191 1213 decimo,
1214 1130 1295 1197 ceie-

257 1232 371 1301 brauit
383 1233 602 1302 Innocentius
618 1237 670 1301 ΙΙΙ
687 1236 863 1301 consilium
880 1235 1114 1303 Lateranense
1138 1256 1202 1325 pro
1223 1236 1296 1303 sub·

256 1338 344 1405 sidio
368 1342 626 1419 Terre-Sancte,
649 1363 709 1429 pro
728 1348 821 1409 statu
845 1342 1006 1419 Ecclesie,
1037 1362 1174 1409 summu
1190 1342 1296 1431 prele-

256 1447 368 1511 torum
399 1447 579 1514 millesima
613 1448 843 1515 ducentesima
871 1451 1106 1537 nonagesima.
1139 1452 1296 1541 Tempore

256 1551 341 1619 llius
358 1558 508 1633 concilii,
523 1558 739 1625 consecrauit
753 1557 972 1624 Innocentius
986 1556 1168 1625 ecclesiam
1186 1560 1296 1627 Beate·

209 1659 240 1715 Ιθ
256 1658 672 1748 iMarie-trans·Tyberim.

301 1770 431 1837 Eodem
448 1789 552 1847 anno,
576 1790 657 1857 pace
672 1770 785 1857 posita
805 1770 895 1835 inter
921 1771 1079 1849 Pisanos,
1097 1772 1294 1849 Janueusea.

256 1886 292 1947 et
306 1878 514 1945 Lombardos
528 1878 614 1965 apud
625 1878 789 1958 Parisios,
806 1878 905 1945 beato
915 1876 981 1943 fine
988 1878 1132 1963 quieuit.
1147 1876 1295 1947 Gesnmt

256 1995 400 2075 papatus
417 2006 595 2073 perunum
612 1985 712 2067 diem,
731 2005 820 2052 anno
836 1987 968 2053 Domini
978 1986 1161 2054 millesimo
1176 1986 1295 2055 duceu-

256 2098 379 2161 tesimo
393 2095 582 2160 undecimo.

300 2202 471 2269 Honorius
488 2200 552 2278 111,
572 2202 756 2267 Romanus.
776 2236 820 2253 -
835 2198 930 2267 Sedit
944 2199 1188 2281 annisdecem,
1205 2222 1297 2269 meu-

259 2311 352 2375 sibus
368 2316 495 2396 septem
508 2316 544 2375 et
558 2308 684 2387 decem,
698 2309 815 2375 diebus
836 2313 912 2375 octo
927 2314 963 2375 et
978 2308 1107 2375 decem.
1121 2310 1188 2377 Hic
1202 2329 1298 2377 cone·

259 2419 354 2485 tituit
365 2418 516 2492 Petrum,
532 2416 862 2483 autissiodorensem
876 2416 1046 2494 comitem,
1061 2416 1296 2504 imperatorem

258 2523 669 2610 Constantinopolitanum
694 2530 729 2591 et
751 2524 939 2589 coronauit.
959 2522 1022 2589 Hic
1039 2524 1225 2591 renouauit
1245 2542 1297 2587 ec-

259 2634 397 2699 clesiam
436 2631 762 2712 Sancti-Laurentii,
795 2638 829 2697 et
866 2628 1042 2696 ecclesiam
1076 2650 1144 2716 que
1177 2628 1297 2697 dicitur

204 2734 239 2792 ‘2⁰
259 2737 612 2805 Sancta-Sanctorum.
632 2738 823 2805 Decretales
844 2736 1051 2823 compiiauit.
1069 2736 1295 2811 Fredericum‚

260 2865 373 2933 regem
402 2844 527 2919 Sicilie,
556 2846 588 2908 in
612 2846 849 2930 imperatorem
873 2844 1068 2921 coronauit;
1093 2850 1217 2931 postea
1240 2842 1296 2911 sibi

260 2952 414 3017 rebellem
434 2952 752 3027 excommunicarit,
771 2958 806 3017 et
831 2950 975 3015 barones
1001 2970 1022 3015 a
1050 2970 1113 3015 sua
1140 2948 1297 3019 fidenate

258 3058 417 3125 absoluit.
437 3059 501 3123 Hic
517 3058 669 3123 ordinem
690 3059 947 3126 Predicatorum
960 3058 1191 3137 confirmauit.
1205 3058 1297 3125 beato

258 3166 432 3231 Dominico
449 3165 599 3251 Hispano
615 3173 830 3251 procurante.
854 3166 941 3231 Nam
963 3166 1187 3233 Innocentius
1201 3184 1293 3255 pepe.

259 3272 314 3355 qui
327 3270 432 3337 durus
445 3270 507 3335 sibi
523 3272 556 3335 in
573 3271 635 3336 hoc
651 3271 763 3339 suerat
775 3273 895 3360 primo,
909 3279 1028 3360 postea
1039 3274 1174 3339 uisione
1184 3272 1296 3339 nabin

260 3378 423 3463 quomodo
454 3376 572 3445 boatus
606 3380 798 3445 Dominicus
829 3378 1005 3445 ecclesiam
1034 3380 1295 3448 Laterauensen

260 3482 434 3551 cadentem
466 3491 706 3563 sustentasset,
733 3486 934 3552 confirmare
956 3485 1087 3563 uoluit,
1113 3486 1174 3553 sed
1197 3500 1297 3555 morte

261 3598 445 3677 prouentus
465 3612 532 3657 non
546 3595 667 3677 potuit.

306 3698 505 3765 Fredoricus
531 3701 577 3771 II,
606 3722 695 3766 anim
720 3702 851 3765 Domini
868 3702 1046 3766 millesimo
1070 3700 1296 3769 ducentesnno

207 3804 240 3859 3¹)
259 3804 455 3871 duodecimo
479 3806 520 3871 ab
548 3808 698 3872 Honorio
721 3816 905 3875 coronetur
928 3810 962 3874 in
989 3810 1247 3896 imperatorem
1265 3814 1296 3873 et

260 3910 375 3975 codem
396 3930 498 3987 antro,
511 3916 833 3985 emtorumunicatur.
847 3917 926 4001 quia
938 3916 1136 3993 Ecclesiam,
1152 3938 1217 4004 que
1227 3936 1296 3983 eum

258 4018 300 4084 ab
316 4018 462 4085 infautia
482 4025 642 4105 tanquam
666 4034 775 4089 mater
786 4022 1002 4099 educauerat,
1017 4028 1182 4111 tanquam
1200 4042 1294 4089 noue

261 4146 365 4201 ruam,
383 4126 591 4212 inquantum
605 4130 727 4217 potuit,
743 4129 898 4196 laniauit.
