2970 5430
722 511 877 569 ...244-

274 671 289 697 «
315 638 445 706 medius
462 638 676 727 gnbernauit.
693 638 834 714 Quidam
861 655 943 703 uero
955 626 1295 717 uoluntdioeroquod

275 777 289 803 ·
316 751 466 832 tempore
474 745 567 812 exilii
581 746 690 812 sancti
700 744 797 831 Lupi,
813 744 878 810 iste
894 745 1033 809 sanctus
1046 737 1208 807 Sanctius
1218 752 1299 825 rogo

275 880 290 908 ·
317 851 377 920 bat
392 852 576 919 Ecclesiam
602 852 846 930 Senonensem;
864 850 959 915 cuius
986 848 1035 915 rei
1050 866 1119 915 non
1132 862 1300 935 possmus

275 988 290 1014 a
317 957 554 1026 certitudinem
574 959 738 1039 inuenire,
774 975 852 1022 nam
874 955 1001 1041 scripta
1024 972 1126 1040 super
1158 951 1224 1018 hoc
1243 966 1302 1016 uon

275 1094 290 1120 a
318 1064 534 1131 concordant.
548 1095 562 1121 n
584 1065 710 1129 Tamen
725 1063 936 1140 Walnerius
960 1058 1179 1149 supradictus
1191 1056 1305 1127 scolar-

272 1171 372 1252 tiens,
392 1171 432 1238 de
451 1173 519 1239 isto
538 1177 655 1239 sancto
670 1171 805 1238 Senetio
818 1171 869 1236 ita
884 1168 1041 1256 scripsit:

319 1421 334 1447 a
348 1390 536 1457 lnteralios
545 1388 713 1475 quondam
725 1382 1309 1473 archipresulesSencnenses,Ssua·

272 1499 342 1564 tius
357 1496 492 1582 quidam
504 1496 632 1561 uirtute
644 1493 859 1581 predicabilis
879 1492 956 1559 fnit.
978 1492 1055 1570 Qui,
1074 1490 1200 1580 quibus
1219 1494 1309 1559 orm

275 1603 398 1673 situel
413 1603 558 1689 qualiter
574 1601 616 1667 ad
633 1601 938 1689 archipresulatum
952 1598 1160 1678 ascenderit,
1177 1598 1234 1665 uel
1251 1598 1310 1684 qu'o

223 1727 255 1783 10
274 1718 436 1797 tempore,
451 1730 517 1775 non
527 1710 700 1776 inuenitur
717 1711 891 1795 scriptum.
910 1710 982 1784 Quo
994 1727 1076 1773 uero
1089 1706 1165 1773 loco
1181 1702 1310 1782 obierit,

274 1839 403 1905 quaque
420 1816 627 1884 reuelatione
642 1821 719 1902 post
734 1816 859 1902 longua
874 1820 1027 1902 tempora
1042 1812 1098 1879 uel
1118 1813 1195 1879 eius
1216 1830 1313 1879 sane

273 1929 385 1997 titatis
410 1927 529 2013 quibus
551 1926 724 1991 miraculis
752 1926 909 1991 meritum
925 1923 1056 2011 populis
1081 1920 1247 2001 innotuit,
1262 1940 1314 1989 aa·

274 2037 418 2105 cundum
435 2039 605 2121 acceptam
627 2032 831 2101 sententiam
847 2030 1007 2119 expedire
1023 2028 1236 2097 honerosum
1252 2046 1314 2095 nou

275 2144 351 2209 erit.

309 2279 323 2304 u
338 2249 473 2315 Placuit
484 2245 646 2333 siquidem
656 2245 763 2312 eidem
773 2244 1036 2313 sanctoSenetio
1046 2244 1193 2310 Romam
1205 2240 1311 2321 adim

276 2360 310 2421 et
326 2354 434 2420 eundo
449 2353 663 2441 Lugdunum,
681 2353 818 2420 deuenit
833 2351 889 2417 ubi
907 2349 1085 2437 aquodam
1104 2348 1316 2437 compioeopo

275 2460 351 2523 uiro
372 2459 529 2545 religioso
557 2464 732 2546 susceptus
745 2457 823 2537 fuit,
839 2459 873 2524 in
887 2459 970 2523 uilla
984 2478 1048 2544 que
1062 2454 1193 2523 dicitur
1220 2454 1315 2522 'lari-

275 2568 414 2630 nentum
430 2563 471 2628 ab
500 2563 581 2629 urbe
602 2564 766 2652 Lugduno
791 2564 862 2630 lere
878 2561 993 2631 decem
1008 2563 1162 2630 milibus.
1189 2562 1231 2629 In
1254 2580 1316 2649 qua

275 2669 357 2733 uilla
369 2670 404 2734 in
416 2668 615 2735 infirmitate
630 2668 787 2736 detentus
801 2671 999 2757 migrauita
1015 2669 1143 2737 seculo.
1161 2668 1316 2757 corepis-

219 2788 255 2845 <20
274 2794 375 2860 copus
389 2795 471 2840 uero
482 2774 575 2839 illnm
588 2775 774 2860 pontificali
788 2796 880 2842 more
890 2777 1055 2844 uestitum
1068 2775 1202 2863 polluto
1213 2772 1317 2863 sepul·

274 2880 356 2947 cliro
370 2881 559 2947 inclinauit.
586 2882 668 2947 Post
691 2883 816 2968 longua
837 2888 1004 2970 tempora,
1025 2902 1130 2971 quum
1153 2878 1315 2969 ium-quis

273 2986 355 3052 inibi
378 2988 505 3053 iaceret
527 2986 760 3073 ignorabatur,
782 2987 916 3054 cuidam
940 2986 1042 3055 uidua
1064 2992 1209 3056 sanctus
1222 2986 1315 3057 Seno·

272 3095 341 3159 tius
349 3112 410 3179 per
420 3092 634 3179 semetipsum
651 3093 820 3178 apparuit,
830 3099 865 3159 et
877 3095 952 3179 quis
965 3098 1070 3172 esset,
1087 3100 1125 3162 at
1136 3096 1237 3182 aquo
1250 3108 1315 3160 aas

271 3207 387 3287 ceptus
403 3199 515 3266 inerat
530 3205 564 3265 et
584 3198 747 3284 sepultus,
767 3203 802 3265 et
825 3218 890 3284 quo
910 3200 984 3267 loco
1008 3198 1252 3287 requiescebat
1277 3197 1316 3265 si·

272 3306 417 3391 gillatim
430 3307 597 3392 exposuit.
916 3330 920 3337 ·

321 3412 441 3478 «Bona
456 3412 577 3478 mulier
591 3432 658 3478 non
673 3411 849 3477 incredula
862 3413 1001 3479 Patrem
1016 3412 1316 3484 DurannnmScul·

273 3518 400 3604 giensis
416 3519 559 3598 cenobii,
581 3521 616 3584 in
640 3539 705 3604 quo
719 3517 859 3585 cenobio
881 3525 957 3586 erat
974 3522 1145 3608 sepultus,
1169 3522 1271 3603 adiit,
1284 3525 1316 3587 et

273 3622 380 3688 eidem
391 3623 555 3689 uisionem
564 3646 663 3710 quam
676 3625 810 3692 uiderat
825 3625 866 3693 de
877 3634 997 3695 sancto
1009 3630 1173 3716 pontifice
1185 3644 1317 3699 curru·

275 3730 337 3795 uit.
355 3730 448 3794 Tune
461 3728 583 3795 ibidem
600 3730 769 3809 foderunt,
787 3738 823 3799 et
835 3739 992 3800 sanctum
1008 3736 1209 3823 pontificem
1225 3738 1316 3803 inre

220 3860 255 3917 30
275 3840 410 3901 nerunt.
427 3834 565 3907 Saxum.
587 3835 674 3922 quod
689 3837 839 3923 gloriosa
860 3839 927 3904 uiri
948 3836 1316 3930 glebapostcrioribm

272 3946 457 4030 presserat,
489 3942 615 4009 litteris
641 3943 849 4023 sulcabatur,
876 3946 999 4032 quibus
1020 3951 1137 4017 omnis
1161 3950 1238 4021 nite
1249 3950 1316 4018 cius

274 4047 431 4136 hystoria
444 4047 642 4114 breuissime
654 4047 885 4118 claudebatur.
906 4050 1000 4119 Odor
1012 4056 1120 4123 etiarn
1135 4058 1226 4125 miro
1242 4074 1317 4123 sua·

275 4154 393 4223 uitatis
411 4154 537 4221 circum
556 4155 646 4221 circa
660 4155 846 4241 spargitur,
865 4153 931 4222 duo
946 4178 1081 4246 qnoque
1092 4162 1166 4231 ceci
1194 4162 1316 4231 lumine
