2970 5430
717 433 877 490 ..242-

317 562 527 638 Arthemius,
547 565 684 627 sanetus
700 559 884 638 confessor,
902 565 978 645 post
1000 544 1111 647 ipsum
1139 557 1293 625 Senomn

275 692 345 737 sem
368 670 550 735 Ecclesiam
576 666 790 754 gubernauit.
814 666 878 733 Sed
895 672 975 734 ente
997 664 1136 733 ordines
1154 663 1294 751 fuitlogi·

274 781 354 847 time
374 781 556 855 uxoratus;
581 775 685 841 filiam
702 773 820 840 habuit
847 744 1032 861 legiiimam
1061 772 1103 841 de
1128 793 1197 861 que
1224 772 1294 839 ecri-
1336 836 1338 873 ι

273 886 365 952 bitur
379 887 414 949 in
433 885 505 951 uita
520 882 705 949 beatissimi
732 881 831 967 Lupi,
858 879 1075 961 confessoris,
1104 878 1293 948 successoris

274 1014 337 1058 suu.

316 1099 459 1165 Sanctus
475 1097 580 1183 igitur
589 1097 715 1182 Lupus,
734 1095 938 1161 Senonensis
954 1092 1239 1181 archiepiscopus,
1251 1112 1295 1159 no

272 1207 349 1273 bilis
364 1225 498 1293 genere,
515 1204 744 1270 nobilissimus
768 1210 892 1279 mente,
909 1202 1091 1288 multisque
1111 1201 1226 1269 clerus
1238 1201 1297 1268 uir·

270 1316 412 1392 tutibus,
441 1312 528 1399 apud
545 1313 746 1377 Briononem
765 1312 926 1397 migrauit
951 1309 1114 1391 aseculo,
1143 1310 1297 1377 uiuenein

271 1422 410 1507 Xpisto;
428 1425 462 1486 et
486 1421 520 1483 in
543 1419 749 1484 monasterio
775 1415 1083 1495 Sancte-Columbe,
1110 1416 1254 1505 uirginis
1271 1418 1299 1480 et

221 1543 253 1599 10
271 1529 446 1612 martyris,
458 1546 559 1613 prope
568 1526 721 1602 senonis,
734 1525 774 1590 ad
784 1524 884 1611 pedes
893 1524 1041 1610 predicte
1050 1529 1184 1603 sancte,
1196 1542 1300 1611 corpus

273 1655 382 1710 suum,
405 1640 484 1699 ante
500 1653 597 1697 suum
622 1631 764 1708 obitum,
783 1633 931 1696 iusserat
946 1631 1099 1717 sepeliri;
1119 1630 1212 1717 quod
1234 1628 1302 1697 dili·

273 1744 392 1823 genter
413 1742 465 1803 est
494 1737 678 1822 impletum.
697 1737 822 1802 Postea
838 1757 918 1802 uero
932 1758 1053 1824 corpus
1073 1738 1215 1824 ipsiuse
1227 1736 1301 1814 loco,

273 1845 387 1928 inquo
406 1844 569 1917 iacuerat,
585 1844 772 1909 releuatum
798 1842 863 1909 fuit
878 1843 1053 1910 undecimo
1075 1844 1304 1913 kalendeseu·

273 1952 375 2037 gusti,
402 1958 436 2017 et
461 1952 495 2015 in
511 1951 601 2018 dicto
619 1950 824 2017 monasterio
851 1948 1035 2016 honorifice
1058 1956 1303 2019 coneemetum.

272 2059 387 2124 Vitam
407 2059 512 2143 ipsius
540 2062 574 2122 et
597 2056 760 2122 miracula
781 2055 928 2141 fereper
950 2060 1059 2123 totam
1086 2055 1305 2125 senonensem

271 2165 440 2249 dyocesim
457 2167 595 2251 poteris.

452 2517 570 2558 SANCTUS
584 2517 702 2570 ΑΜΑΤΰΒ,
719 2517 881 2560 seponerem
894 2516 1134 2560 encnusmscorus.

308 2703 432 2759 Sanctus
454 2701 598 2769 Sensum,
621 2699 833 2773 presumendus
854 2699 1035 2758 Senonensis
1058 2697 1301 2774 achiepiscopus,

273 2808 332 2851 non
350 2793 455 2850 directe
471 2791 518 2848 uel
532 2790 662 2848 ordinate
684 2790 800 2863 ponitur
820 2791 895 2848 inter
911 2799 1030 2858 ceteros,
1052 2805 1123 2846 nem
1137 2788 1222 2847 locus
1234 2787 1305 2845 iuter

219 2898 256 2954 ρο
274 2899 345 2956 quos
369 2880 567 2938 Senonensom
589 2879 747 2936 Ecclesiam
762 2880 867 2936 rexerit
887 2881 1055 2953 ignoratum
1083 2886 1184 2938 mmen
1205 2877 1241 2937 in
1262 2892 1303 2933 ee·

272 2971 372 3046 quenti
386 2970 493 3035 tabula,
509 2968 544 3026 de
558 2969 620 3042 ipso
634 2986 737 3042 perum
753 2969 861 3042 aliquid
877 2976 1046 3029 annotetur.
1164 3034 1168 3043 ,

307 3057 427 3114 Decime
446 3057 529 3114 tertia
541 3056 638 3113 tabula
650 3057 777 3131 loquitur
787 3058 823 3116 de
840 3066 940 3116 sancto
956 3059 1073 3127 Ammo,
1087 3058 1254 3119 Senonenei
1266 3074 1306 3115 m·

273 3148 464 3221 chiepiscopo‚
481 3155 509 3204 et
519 3146 553 3203 de
568 3155 668 3204 sancto
680 3147 805 3215 Senecio,
823 3147 872 3221 qui
885 3149 959 3205 inter
976 3156 1087 3207 ceteros
1103 3164 1165 3207 non
1181 3146 1307 3207 ordinm

272 3236 417 3306 scribitur,
430 3236 499 3310 quia
511 3253 569 3309 quo
584 3243 713 3309 tempore
727 3238 833 3294 rexerit
845 3238 1003 3310 ignoretur.

316 3454 460 3522 Sanctus
476 3456 618 3523 Ametus
633 3455 674 3520 de
690 3455 852 3522 Flendrie
874 3454 939 3522 suit
952 3456 1025 3524 vita
1037 3461 1072 3525 et
1090 3458 1307 3527 moribus'ho

272 3565 401 3637 nestus,
423 3563 509 3627 utin
530 3562 626 3641 libro,
646 3563 701 3647 qui
722 3582 782 3649 per
798 3562 1018 3628 Wernerium
1039 3562 1305 3633 scolasticumud

270 3666 440 3732 dominum
451 3668 663 3748 Gerbertum,
677 3668 832 3736 abbatem
842 3669 1175 3753 Sancti-Petri·Uiui,
1186 3674 1303 3741 missus

272 3773 348 3853 fuit,
371 3776 542 3844 scribitur.
557 3780 606 3843 Ac
622 3778 725 3845 etiem
741 3777 781 3843 de
797 3777 940 3864 quodam
965 3777 1032 3843 alio
1058 3778 1303 3867 archiepiscopo

271 3888 401 3962 nostro,
429 3886 564 3950 nomine
594 3885 741 3965 Senetio,
759 3887 794 3952 in
814 3885 930 3952 eodem
957 3885 1043 3951 libro
1061 3886 1227 3955 scribitur
1240 3887 1301 3955 sic:

221 3995 253 4052 30
273 4019 288 4047 ι
315 3990 362 4056 De
377 3996 494 4056 sencto
511 3990 645 4059 Senetio
657 3994 836 4080 ignoratur
846 4012 911 4079 quo
923 3996 1073 4080 tempore
1085 3996 1121 4060 et
1130 3993 1303 4083 intorques

273 4126 288 4151 ι
316 4095 400 4163 duos
434 4096 644 4167 Senonenses
678 4100 948 4188 archiepiscopos
984 4099 1302 4193 archiepiscopatum
