2918 5046
704 344 734 353 -
754 311 807 373 ³98
826 344 858 355 -

261 432 398 501 inerunt
411 453 512 501 uoces
529 432 705 517 utriusque
732 452 833 499 sexus
848 435 884 498 et
908 432 1012 499 etatis
1039 432 1133 499 circe
1156 430 1293 501 medion

261 548 406 609 noctem.
423 540 580 607 Monechi
597 558 677 606 nero
697 538 851 607 uolentes
877 539 965 605 ecire
979 538 1061 625 quid
1075 538 1141 607 hoc
1157 547 1293 621 ecreto

259 650 401 735 quodem
418 650 550 715 seniore
575 648 771 735 reprehensi
801 651 891 729 sunt,
927 652 963 715 et
991 648 1040 713 sic
1063 666 1170 734 usque
1197 666 1289 717 moue

259 755 472 823 dimiserunt.
496 758 595 821 Mane
611 755 714 834 fecto,
742 756 776 821 iu
792 773 895 821 uuum
913 754 1122 823 conueniunt
1137 760 1174 823 et
1189 755 1293 821 senior

259 859 379 939 frater,
391 862 448 947 qui
463 861 549 928 elios
559 859 836 947 reprehenderat,
849 858 961 927 officio
971 859 1087 948 lingue
1097 858 1292 947 pediuqueet

259 987 379 1033 monus
394 968 571 1053 priuatum
590 966 649 1033 sed
661 973 779 1052 postea
791 986 812 1033 e
824 965 923 1033 beato
939 966 1139 1043 Seuinieuo,
1152 964 1231 1033 dum
1240 984 1293 1055 por

259 1093 372 1159 regem
391 1072 575 1139 Robertum
604 1073 639 1138 in
659 1092 794 1158 capsam
819 1074 969 1159 ponitur,
999 1070 1090 1139 idem
1116 1072 1291 1141 monachu

259 1178 460 1245 miraculose
472 1186 627 1246 senatur.

305 1592 348 1656 De
361 1589 540 1660 Bcncdr'cto
553 1610 643 1677 popo
658 1601 691 1656 et
705 1608 843 1676 querco,
857 1588 898 1654 de
912 1592 1251 1667 sanctouanmm'co.

210 1807 241 1864 ιο
305 1793 389 1860 Post
404 1792 621 1861 Benedictum
637 1792 734 1869 VIII,
754 1790 811 1876 qui
833 1789 922 1858 sedit
937 1810 1027 1858 anno
1043 1792 1179 1861 Domini
1191 1792 1292 1863 millo·

261 1902 346 1968 simo
363 1900 503 1980 decimo,

304 2006 473 2073 Iohannes
486 2008 564 2083 XX,
586 2006 771 2072 Romanus.
799 2040 844 2055 -
869 2005 963 2074 Sedit
979 2010 1080 2075 aunis
1113 2010 1239 2079 uiuenti
1262 2016 1293 2079 n

258 2114 407 2181 cessauit
421 2111 537 2179 diebus
550 2111 691 2179 duobus.
708 2111 874 2180 Guerram
895 2112 1016 2182 hebuit
1032 2134 1109 2182 cum
1125 2116 1292 2185 Romam.

307 2313 369 2380 Illo
385 2319 548 2399 tempore,
577 2315 716 2376 sanctus
737 2310 972 2391 Henmericus,
992 2312 1082 2379 tilius
1105 2314 1216 2383 suncti
1233 2312 1295 2383 so

261 2421 364 2510 phuni
382 2421 481 2505 primi
499 2418 693 2505 xpistionie
710 2417 846 2505 regibus
862 2418 1091 2507 Ungnriorum
1108 2422 1207 2511 uirgo
1228 2440 1294 2489 cuin

262 2544 324 2591 sua
340 2543 463 2611 sponsu
480 2522 564 2589 obiit
582 2523 755 2588 miraculis
773 2522 1019 2592 choruscaudo.

306 2630 404 2695 Anno
442 2630 575 2695 Domini
606 2628 786 2695 millesimo
827 2628 1050 2716 quindecimo,
1090 2632 1177 2702 obiit
1217 2652 1295 2723 prpe

261 2735 431 2803 Iohannes
449 2736 527 2802 XX.

423 3021 468 3085 Dc
478 3018 686 3105 contentione
701 3036 908 3089 summorum
920 3018 1132 3105 pontificum.

206 3266 221 3299 o
307 3238 406 3300 Anno
478 3236 559 3300 min'
621 3235 655 3300 'll
698 3236 704 3250 ’
810 3240 817 3253 ’
880 3240 887 3253 ’
1216 3238 1224 3253 ’

208 3268 244 3322 ⁴⁰
264 3345 313 3411 IX
321 3235 1084 3432 'l'uncuiieonunirciilnhseiirleiilcijdililtieiiilillopzige&31
1094 3236 1296 3415 ξέὣῗάἒῗιῖ

261 3450 371 3517 tribus
396 3458 430 3517 et
445 3450 573 3517 deceni.
592 3451 661 3517 lste
674 3458 829 3539 receptus
852 3451 916 3517 fuit
931 3449 972 3515 de
987 3456 1126 3538 papatu,
1155 3457 1193 3521 et
1213 3448 1297 3519 sini·

263 3560 390 3624 niensis
407 3560 596 3645 episcopus,
623 3560 680 3644 qui
695 3558 859 3625 Siluester
874 3558 926 3623 111
950 3560 986 3624 iu
1005 3564 1133 3645 papatu
1162 3562 1295 3625 uonna

264 3668 339 3746 fuit,
354 3668 396 3734 od
410 3668 522 3734 sedern
536 3670 691 3747 intrauit;
709 3674 744 3735 et
756 3670 821 3735 iste
836 3668 995 3735 similiter
1012 3666 1165 3735 deiectus
1186 3668 1296 3747 esini

264 3774 466 3842 Benedictus
491 3776 705 3863 recuperauit
722 3781 895 3863 papatum.
916 3774 982 3842 Sed
1000 3774 1125 3843 iterum
1154 3772 1294 3843 deiectu·

262 3891 327 3962 est,
350 3889 386 3950 et
407 3889 552 3970 papatus
568 3882 670 3951 datur
692 3883 848 3962 Iohanni,
864 3881 1152 3969 archipresbitero
1167 3880 1294 3951 sucti-

263 3990 696 4059 Iohauuis·Laterauensis.
727 3989 911 4079 Gregorius
946 3990 1010 4067 vl,
1051 3990 1225 4061 Romanor
1261 3988 1292 4055 ir
