2970 5430
710 514 854 565 ..92-

269 658 283 682 u
310 630 365 713 qui
383 652 510 696 mecum
528 639 619 711 sunt,
638 655 681 699 ex
703 640 738 701 te
761 640 795 701 et
818 641 958 722 propter
982 640 1014 704 ta
1036 639 1121 704 etin
1143 644 1178 706 te
1201 640 1310 706 confl-

269 765 283 790 a
312 742 440 803 tantur.
465 767 479 793 n

313 1062 419 1128 Beata
431 1062 540 1147 uirgo,
553 1067 628 1147 post
644 1061 705 1126 hec
724 1061 839 1138 verba,
857 1060 1049 1146 respondit:
1071 1090 1085 1115 a
1101 1059 1250 1146 Ignatio‚
1263 1059 1311 1125 di·

271 1195 285 1220 u
312 1166 484 1232 lectocum
508 1167 683 1253 discipulo,
705 1166 841 1231 humilis
862 1167 986 1232 ancilla
1001 1166 1115 1232 Ihesu.
1131 1167 1178 1231 De
1192 1166 1308 1243 Ihesu,

269 1301 284 1326 u
311 1291 408 1355 quea
422 1271 572 1336 Iohanne
588 1271 713 1338 audisti
724 1278 759 1339 et
769 1272 930 1348 didicisti,
947 1289 1031 1337 uera
1047 1277 1147 1350 sunt;
1162 1273 1224 1338 illa
1241 1292 1310 1338 cre·

270 1405 284 1428 u
311 1373 384 1453 dac,
411 1377 479 1442 illis
502 1378 659 1443 inhereas
685 1384 720 1445 et
746 1379 995 1464 xpistianitatis
1021 1367 1141 1444 uoturn
1166 1376 1312 1445 firmiter

270 1510 285 1535 κ
312 1486 442 1560 teneas,
469 1489 504 1550 et
525 1503 634 1548 mores
654 1489 689 1549 et
709 1485 815 1548 uitam
840 1489 920 1550 uoto
947 1483 1149 1550 conformes.
1168 1483 1309 1551 Ueniam

271 1615 285 1641 a
313 1592 438 1664 autem,
454 1608 522 1654 una
536 1609 609 1653 cum
620 1590 783 1666 Iohanne,
801 1594 835 1656 te
848 1596 883 1656 et
895 1591 952 1675 qui
964 1596 1075 1657 tecum
1091 1595 1171 1658 sunt
1183 1591 1306 1657 uisere.

271 1724 285 1749 a
314 1695 374 1761 Sta
390 1700 425 1762 et
437 1696 584 1762 uiriliter
598 1717 660 1782 age
676 1698 709 1761 in
734 1696 811 1772 fide,
827 1716 888 1761 nec
908 1702 943 1762 te
957 1701 1169 1764 commoueat
1192 1715 1309 1782 perse-

218 1806 250 1862 10
272 1829 286 1854 u
314 1801 458 1866 cationis
469 1803 671 1881 austeritas3
687 1801 745 1867 sed
759 1802 874 1869 ualeat
890 1808 925 1869 et
937 1801 1068 1870 exultet
1078 1803 1220 1889 spiritus
1232 1808 1309 1870 tuus

272 1936 286 1960 a
313 1905 348 1969 in
365 1906 433 1970 Deo
449 1905 604 1972 salutari.
626 1936 641 1961 n

316 2336 361 2400 De
378 2335 444 2400 isto
459 2339 576 2400 sancto
591 2334 739 2421 Ignati0‚
755 2335 789 2399 in
805 2335 890 2399 libro
907 2334 996 2401 beati
1017 2336 1170 2420 Dyonicii
1185 2341 1222 2403 et
1235 2335 1308 2401 aliis

271 2441 378 2518 libris,
403 2442 510 2507 multa
535 2441 662 2526 scripta
689 2447 779 2507 sunt.
808 2440 860 2506 Ad
888 2441 1058 2507 cronicam
1083 2447 1306 2518 reuertamur,

271 2547 351 2613 alibi
366 2547 484 2632 loquar
496 2547 536 2612 de
552 2549 698 2612 Traiano
711 2549 927 2634 imperatore,
945 2569 1005 2613 suo
1022 2549 1107 2613 loco.

315 2654 468 2719 Clemens
481 2674 562 2719 uero
576 2661 610 2721 et
625 2655 780 2740 ignatius
791 2656 883 2741 passi
897 2662 976 2722 sunt
991 2655 1052 2720 sub
1066 2656 1138 2741 ipso
1149 2656 1307 2730 Traiano,

272 2780 339 2824 non
356 2760 470 2824 eodem
496 2760 580 2837 loco,
610 2762 701 2826 circa
725 2781 851 2825 annum
876 2762 1127 2828 iucarnationis
1145 2761 1308 2826 dominice

272 2868 512 2953 octogesimum
528 2867 684 2952 primum,
712 2866 764 2931 uel
780 2866 962 2932 secundum
983 2867 1157 2952 quosdam,
1175 2873 1310 2954 octoge-

273 2973 393 3037 simum
411 2971 607 3037 secundum.

341 3184 543 3269 Martyrium
560 3183 671 3249 sancti
697 3183 891 3250 Potentiani
913 3183 1144 3267 sociorumque
1159 3184 1240 3250 eius.

221 3417 256 3474 20
318 3400 414 3466 Beati
426 3400 608 3466 Clementis
623 3407 784 3485 tempore,
799 3405 876 3484 post
897 3397 1101 3483 martyrium
1117 3395 1229 3461 sancti
1255 3394 1310 3460 Sa·

273 3507 415 3583 uiniani,
442 3504 560 3572 beatus
586 3506 809 3571 Potentianus
830 3524 905 3569 cum
924 3504 1024 3569 sociis
1052 3503 1123 3567 suis
1146 3500 1264 3567 Altino
1278 3504 1311 3565 et

275 3611 422 3678 Eodaldo
449 3631 470 3676 a
496 3610 723 3697 predicatione
747 3610 864 3675 diuina
885 3610 1027 3677 Senonis
1048 3628 1114 3673 non
1141 3604 1311 3673 cessabat.

276 3718 369 3782 Tunc
396 3717 539 3782 Seuerus
564 3716 633 3781 dux
658 3737 715 3781 eos
745 3717 808 3782 sibi
839 3716 959 3782 adduci
975 3716 1135 3802 precepit.
1153 3714 1246 3789 Quos
1273 3711 1314 3777 de

276 3823 392 3888 multis
407 3824 623 3898 conuenienS,
643 3828 681 3889 ut
700 3823 835 3888 Ihesum
851 3823 1061 3908 abnegarent
1082 3827 1116 3889 et
1136 3821 1252 3908 ydolis
1260 3821 1319 3889 of·

276 3928 405 3994 ferrent
422 3927 595 4004 libamina,
614 3928 838 4007 ammonebat,
848 3930 897 3994 eis
915 3930 1022 3996 multa
1036 3928 1180 3995 donaria
1195 3948 1320 4015 repro‘

276 4037 427 4102 mittens.
443 4033 507 4100 Sed
522 4055 580 4099 eos
595 4035 629 4099 in
647 4034 711 4100 fide
727 4036 841 4122 Xpisti
855 4037 986 4101 inuenit
998 4034 1119 4114 fortes,
1134 4036 1321 4123 insupera‘

276 4144 360 4210 biles
389 4146 489 4227 atque
505 4141 630 4208 flrrnos.
660 4142 756 4207 Vnde
783 4143 851 4209 dux
872 4144 981 4210 iratus
999 4142 1079 4210 fecit
1094 4127 1152 4209 eoa
1167 4141 1320 4211 fustibus
