2970 5430
769 414 921 468 ‚202-

323 531 600 601 sanctiuidelicet
617 535 1024 622 Honulphi,confessoris,
1044 534 1121 601 luit.
1128 531 1252 599 Adhuc
1268 531 1360 596 uiue·

322 641 380 707 bat
396 660 482 705 uxor
495 642 604 707 sancti
619 642 803 730 Honulphi,
814 649 923 710 mater
939 643 1049 709 sancti
1069 634 1360 715 Honoberti,du1n

321 746 409 811 idem
438 744 652 812 Honobertus
682 752 825 836 sumpsit
854 749 1078 817 sacerdotium
1102 751 1149 814 et.
1165 742 1360 812 cathedram

321 853 560 918 Senonensem.
590 853 662 927 Qua
689 854 860 934 defuncta,
892 858 926 921 in
953 861 1072 922 sancta
1105 850 1361 920 conuersatione

320 962 521 1048 Houulpbus
547 960 589 1027 ad
612 982 726 1030 sacros
752 966 888 1031 ordines
915 985 976 1052 per
998 964 1103 1030 filium
1131 964 1357 1049 promouetur.

321 1067 485 1134 Defuncto
502 1068 665 1154 siquidem
685 1077 802 1137 sancto
820 1070 1027 1148 Honoberto,
1042 1068 1252 1143 confessore,
1269 1072 1360 1154 pater

320 1195 401 1240 suus
425 1175 588 1241 electione
607 1175 774 1263 condigna
798 1177 924 1245 electus
951 1176 1028 1255 fuit,
1052 1182 1088 1244 et
1112 1172 1358 1262 archipresula·

320 1285 392 1348 tum
413 1281 561 1367 suscepit
579 1281 727 1348 Ecclesia
744 1284 960 1350 Senonensis.

365 1387 533 1467 Othberti,
558 1389 643 1474 Lupi
668 1390 714 1466 ΙΙ,
731 1390 892 1456 Viricarii
910 1396 945 1458 et
967 1388 1192 1457 Constelcalci
1212 1390 1308 1455 actus
1326 1389 1354 1453 at

269 1489 300 1545 ¹⁰
319 1494 490 1582 sepulture
504 1495 718 1580 ignorantur,
741 1517 818 1562 nam
836 1497 987 1563 Ecclesia
1001 1494 1207 1563 Senonensis
1224 1494 1261 1560 in
1277 1498 1353 1561 tan

319 1599 490 1686 poralibus
509 1620 570 1687 per
589 1604 776 1689 prepositos
791 1602 1056 1690 gubernabatur,
1079 1607 1115 1669 et
1135 1600 1212 1668 ideo
1227 1599 1352 1667 minima

320 1705 422 1773 fiebat
453 1705 615 1775 memoria
642 1709 682 1774 de
713 1710 986 1797 archiepiscopis,
1017 1710 1074 1796 qui
1102 1707 1350 1796 contemplatio

212 1842 217 1849 0
322 1813 495 1882 uiuebant.

388 2151 506 2190 SANCTUS
522 2151 694 2201 aduocatum
713 2150 872 2206 CONFESSOR,
888 2150 1049 2192 sunonausm
1063 2150 1297 2191 sucumbimus.

219 2322 237 2359 ὓ
358 2313 477 2370 Decima
488 2330 567 2370 noua
579 2314 676 2370 tabula
694 2313 823 2388 loquitur
840 2315 875 2370 de
895 2322 995 2371 sancto
1010 2313 1185 2382 Gumberto,
1201 2306 1346 2370 Senoneosi

321 2403 535 2476 archiepiscopo
549 2426 555 2473 ;
570 2406 605 2463 de
620 2404 747 2461 romanis
760 2404 945 2478 pontificibus
960 2404 1037 2461 illius
1054 2406 1205 2477 temporis,
1219 2402 1255 2462 de
1269 2400 1346 2458 Karo-

322 2492 468 2564 lomagno,
485 2501 513 2550 et
523 2493 558 2550 de
573 2493 745 2569 quibusdam
766 2509 823 2567 que
837 2492 893 2549 illis
907 2491 1084 2564 temporibus
1099 2496 1273 2547 euenerunt.

367 2674 465 2740 Anno
486 2673 527 2740 ab
550 2674 788 2739 lucarnatione
812 2673 980 2739 dominica
1006 2670 1305 2758 septingentesimo
1322 2669 1349 2731 et

324 2785 535 2870 sexagesimo
552 2788 685 2856 octauo,
703 2782 855 2867 PipinuS,
874 2801 936 2846 rex
957 2781 1177 2857 Francorum,
1195 2776 1296 2872 obiit3
1309 2770 1349 2840 cui

270 2885 305 2941 2⁰
325 2896 560 2958 successerunt
582 2890 618 2954 in
640 2907 744 2975 regno
768 2887 833 2953 duo
856 2886 918 2952 filii
942 2887 1007 2964 sui,
1035 2884 1306 2972 Karolomagnus
1325 2882 1350 2944 et

326 2996 600 3061 llarlommanus
1202 3010 1211 3019 ·

367 3102 466 3169 Anno
480 3102 610 3167 Domini
623 3101 922 3187 septingentesimo
934 3104 968 3166 et
979 3097 1193 3184 sexagesimo
1204 3090 1351 3173 nono,ob

327 3211 367 3276 iit
376 3210 678 3287 Karolommanus;
693 3208 788 3274 etsie
799 3207 1071 3293 Karolomagnus
1087 3206 1181 3271 solus
1195 3201 1349 3292 regnauit.

371 3317 514 3382 Sanctus
534 3314 750 3392 Gumbertus‚
767 3315 822 3379 uir
841 3314 967 3401 justus,
985 3312 1166 3379 laudabilis
1190 3318 1226 3380 et
1244 3311 1352 3378 hones·

327 3429 395 3497 ωε,
410 3420 468 3487 illo
483 3426 646 3507 tempore,
665 3418 849 3487 uirtutibus
864 3418 1113 3506 resplendebat,
1124 3416 1259 3506 fulgens
1270 3417 1352 3484 mira·

329 3527 413 3593 culis
428 3533 463 3595 et
480 3528 654 3614 exemplis.
745 3585 755 3599 ,

618 3739 671 3804 De
689 3739 835 3806 romanis
848 3737 1069 3825 pontificibus.

373 3955 472 4022 Circa
494 3954 557 4019 hec
575 3962 741 4042 tempora,
761 3957 898 4023 suerunt
915 3956 1020 4022 Rome
1036 3955 1158 4021 summi
1181 3952 1349 4045 ponthus,

329 4068 405 4152 post
419 4062 625 4150 Stephanum
641 4064 712 4150 Ill:
