2970 5430
707 407 815 467 -560
835 436 870 451 -

318 640 381 706 Illo
406 644 569 727 tempore,
605 641 760 709 dominus
794 660 881 729 papa
917 640 1110 711 destinauit
1152 640 1319 713 domim

272 744 458 813 (luidonem
471 746 512 813 de
524 748 725 818 Monteiorti
739 751 775 815 iii
787 749 1037 817 Romaniolam.
1062 748 1142 827 Quo
1167 754 1322 821 nements

272 855 362 922 alter
375 855 483 922 (luido
501 857 542 923 de
563 856 774 925 Monteieltri
803 877 920 925 omues
943 858 1188 946 possessiones
1215 858 1321 929 neue

273 962 322 1027 sie
332 969 513 1049 occupatas
527 964 695 1043 restituit,
715 964 834 1032 iurans
848 986 885 1031 se
898 964 1073 1034 mendatis
1089 966 1252 1035 Ecclesia
1274 988 1323 1057 pe·

273 1068 431 1137 riturum.
466 1070 510 1136 Et
541 1070 590 1135 sio
621 1074 715 1138 terra
751 1071 891 1139 Romale
918 1070 1024 1141 rediit
1063 1072 1142 1141 eius
1179 1072 1322 1143 noctuis

274 1175 434 1241 Romane·

318 1282 382 1349 lllo
423 1288 586 1370 tempore,
640 1283 773 1370 quidem
824 1285 969 1353 Romani
1008 1284 1323 1357 consedentium

273 1389 424 1456 inierunt
448 1410 523 1455 oum
550 1390 653 1458 Petro
676 1390 880 1479 Arragonie.
905 1392 952 1461 Et
984 1392 1044 1461 ilio
1073 1398 1252 1483 tempore,
1269 1412 1322 1463 rex

274 1497 415 1565 Frentie
429 1497 522 1564 misit
537 1496 662 1565 milites
678 1498 713 1565 in
738 1498 932 1587 Arragonia
951 1502 1075 1569 eontra
1093 1500 1259 1581 Petrum,
1273 1500 1321 1589 qri

223 1608 256 1665 10
273 1606 401 1671 auxilio
422 1605 593 1672 ouiusdem
615 1606 738 1673 nobilis
760 1605 802 1673 de
829 1606 1034 1695 Arragonia,
1059 1607 1120 1693 qui
1138 1606 1322 1677 uooahilr

274 1710 444 1778 Iohannes
457 1713 586 1799 Longo,
603 1712 711 1780 multa
733 1718 850 1781 eastra
865 1717 1040 1799 oeperunt.

318 1820 400 1888 Post
415 1820 477 1887 heo
496 1822 651 1908 princeps
667 1821 907 1900 Salermitatis‚
928 1824 1027 1909 patre
1051 1840 1116 1887 suo
1133 1840 1157 1889 a
1184 1820 1321 1889 Frenb']

274 1928 309 1991 in
332 1928 510 2014 Appuliam
525 1949 675 2006 reuerso,
695 1928 843 1996 Roberto
865 1928 988 1996 comite
1011 1926 1266 1997 Attrabeoensi
1288 1928 1319 1995 iu

275 2035 439 2101 Kalabria
460 2035 611 2115 dimisso,
631 2036 823 2103 inconsulto
843 2041 951 2123 patre,
970 2054 1109 2103 sumens
1134 2034 1320 2105 mirabilem

276 2140 461 2221 audatiam,
487 2164 561 2210 cum
586 2145 702 2230 paucis
726 2142 946 2209 bellatoribus
961 2142 1109 2211 intrauit
1124 2142 1320 2231 galliani

275 2252 430 2317 inimicos
451 2251 599 2319 uiriliter
621 2251 836 2339 aggrediens,
859 2257 971 2319 motus
994 2254 1030 2319 et
1048 2252 1165 2319 iratus
1188 2250 1320 2339 quibus

276 2356 351 2423 dem
366 2358 583 2445 blasphemiis
598 2379 683 2445 quas
701 2357 869 2439 audierat,
885 2358 1064 2447 pugnauit,
1091 2362 1130 2427 et
1153 2378 1220 2449 per
1237 2356 1321 2425 frau-

275 2466 349 2532 dem
364 2474 544 2534 nautarum
557 2472 674 2553 captus
691 2474 744 2535 est
763 2488 838 2533 cum
853 2465 1051 2553 quibusdem
1070 2486 1091 2533 e
1107 2466 1199 2547 suis,
1216 2466 1317 2535 innu-

274 2574 491 2640 merabilibus
502 2576 649 2640 inimicis
665 2574 875 2655 intersectis;
904 2573 962 2641 sed
985 2593 1088 2660 quum
1119 2574 1320 2643 nemmem

220 2676 256 2735 20
275 2688 310 2748 et
319 2681 444 2747 nullius
452 2682 610 2759 nominis,
621 2682 726 2748 nichil
737 2679 1060 2769 luitoomparatione
1069 2680 1214 2773 dampni
1222 2684 1320 2753 Frau-

274 2808 402 2855 oorum.
429 2789 484 2855 Sio
506 2789 662 2875 prinoeps
686 2793 805 2875 captus
822 2788 1018 2855 Messanam
1043 2786 1171 2859 duetus
1196 2793 1319 2873 estet

275 2915 410 2961 carcere
448 2896 671 2982 mancipatus.
716 2897 760 2963 Et
788 2902 911 2983 quarta
934 2896 989 2964 die
1016 2900 1110 2983 post,
1135 2900 1241 2987 patre
1264 2916 1317 2965 ouo

274 3004 432 3069 ueniente
454 3004 642 3089 Neapolim,
672 3004 917 3089 Neapolitanos
942 3004 1011 3071 iam
1038 3002 1190 3073 rebelles
1219 3002 1317 3073 ensli-

275 3113 383 3199 gauit‚
398 3116 433 3179 et
444 3111 549 3177 oculis
561 3112 690 3198 priuari
705 3111 869 3197 permisit.

319 3434 367 3501 Eo
380 3442 541 3522 tempore,
559 3454 683 3512 comes,
701 3437 799 3520 pater
813 3434 930 3500 uxoris
944 3430 1112 3500 (luidonis
1125 3430 1170 3499 de
1185 3432 1313 3501 Monit-

276 3540 369 3620 iorti‚
388 3543 483 3611 obiit.
502 3545 595 3609 Tunc
615 3541 723 3609 Guido
738 3541 780 3607 de
795 3542 933 3609 lieentia
952 3540 1081 3607 domiui
1097 3560 1187 3629 pape
1200 3544 1313 3609 matrs

275 3652 431 3717 comitem
456 3652 704 3729 Sancte-Flore,
736 3652 791 3736 qui
819 3649 1028 3717 hereditates
1039 3646 1198 3719 defuncti
1213 3646 1313 3717 numi

275 3764 511 3844 occupauerat,
531 3760 717 3826 exercitum
733 3756 843 3835 duxit,
858 3760 894 3823 et
911 3754 1019 3823 mulla
1033 3774 1174 3823 suorum
1188 3752 1314 3843 mgni

275 3868 329 3931 nis
344 3864 516 3949 effusione,
535 3868 710 3955 seipsoque
736 3863 983 3952 aliquantulum
994 3862 1192 3945 uulnerato,
1205 3864 1314 3933 ilium·

224 3980 257 4040 30
275 3976 405 4063 phauit.

321 4085 384 4151 Illo
395 4090 559 4172 tempore,
573 4085 729 4152 dominus
746 4103 834 4171 papa
847 4082 1030 4163 Martinus,
1043 4084 1188 4169 propter
1200 4078 1313 4169 nequi·
