2970 5430
718 423 877 478 ...248-

272 552 490 626 monasterio‚
509 549 653 636 fecitque
670 550 834 636 synodum
861 555 1013 636 tempore
1037 548 1180 617 Clotarii
1203 549 1285 634 regia,

272 660 306 722 in
330 658 469 724 ciuitate
490 658 666 735 Senonica,
698 659 732 721 in
762 678 828 742 que
855 656 991 723 suerunt
1014 655 1127 722 sancti
1154 653 1288 722 videlicet
1331 670 1333 675 ·

271 764 460 830 Audoenue
491 766 788 856 Rothornagensi8‚
829 765 917 830 Faro
953 762 1152 841 Meldensie,
1182 761 1289 848 Eligius

220 878 236 927 -“
272 873 508 938 Nouiomensis
521 878 556 938 et
568 871 740 936 Amandus
754 871 971 957 Tregetensie
985 888 1062 936 cum
1071 870 1222 957 trigenta
1232 866 1290 934 aliie

272 979 448 1064 episcopie.

315 1084 414 1149 Anno
433 1085 564 1149 Domini
589 1085 834 1151 sexcentesimo
849 1089 884 1150 et
909 1083 1161 1170 septuagesimo
1180 1082 1289 1169 quinto.

272 1191 355 1258 obiit
370 1196 507 1257 sanctus
522 1192 650 1267 Emmo‚
665 1197 701 1256 et
715 1191 866 1276 sepultus
882 1187 959 1267 fuit,
976 1193 1014 1256 ut
1028 1188 1217 1276 predictum
1237 1191 1287 1263 eet.

272 1301 306 1365 in
319 1299 525 1365 monasterio
541 1298 884 1363 Sancti-Petri·Viui.-

423 1521 539 1560 SANCTUS
553 1519 730 1570 mannans,
747 1516 908 1558 samonensis
923 1515 1153 1557 ABGHOEPISCOPUS

224 1668 252 1722 10
308 1663 426 1720 Decima
439 1663 541 1736 quintu
560 1663 656 1719 tabula
674 1661 807 1735 <loquitur
822 1660 857 1717 de
880 1667 982 1717 sancto
1005 1658 1186 1729 Wii'ranno;
1206 1661 1238 1717 de
1257 1658 1290 1714 Pi-

272 1755 350 1825 pinn,
366 1754 495 1827 principe
514 1755 700 1819 Francorum,
717 1759 746 1808 et
761 1751 796 1807 de
812 1749 902 1817 Beda,
916 1748 1097 1823 presbytero.

315 1939 413 2003 Anno
438 1937 479 2002 ab
498 1936 737 2002 incarnatione
758 1933 928 2000 dominica
955 1933 1251 2020 septingentesimo
1267 1938 1293 1997 et

271 2044 430 2109 uicesimo
445 2044 565 2128 primo,
579 2045 669 2107 circa
684 2043 746 2106 hec
759 2047 925 2126 tempore,
938 2045 1078 2106 sanctus
1093 2041 1291 2113 Wifrannus,

271 2153 389 2218 relicto
402 2153 607 2236 episcopatu,
620 2148 840 2215 Fontellanici
855 2149 1052 2216 monasterii
1067 2146 1292 2217 monachosci-

272 2256 380 2322 fectus
396 2262 459 2322 est.
488 2258 554 2321 Per
577 2276 652 2320 eum
679 2257 796 2341 Frigia
813 2255 854 2319 ad
877 2256 1037 2341 Xpistum
1063 2276 1229 2322 conuersa
1241 2261 1290 2321 est.

272 2361 363 2427 Obiit
385 2364 556 2427 transiens
572 2362 613 2427 ad
630 2363 819 2434 Dominum,
838 2362 989 2447 sepultus
1015 2361 1081 2429 fuit
1107 2364 1142 2428 in
1161 2362 1291 2451 predicto

272 2468 478 2531 monasterio
505 2467 794 2533 Fontanellanico.
815 2467 941 2532 Deinde
967 2489 988 2533 a
1013 2467 1222 2554 quibusdem,
1247 2466 1291 2554 qui

270 2598 344 2641 eum
363 2578 396 2640 in
413 2578 562 2662 Frigiem
584 2575 699 2642 furtim
715 2577 894 2662 deportare
918 2577 1090 2655 uolebant,
1110 2577 1292 2666 deportatus

271 2681 336 2748 fuit
348 2703 452 2767 usque
467 2682 509 2747 ad
525 2682 801 2748 Abbatis-rillam
821 2684 855 2747 in
873 2685 1031 2749 Pontino.
1050 2684 1169 2771 Ibique
1192 2684 1293 2751 deten-

220 2783 255 2839 ab
272 2796 339 2865 tus,
355 2789 470 2853 multis
498 2788 630 2874 fulgens
653 2789 826 2853 miraculis
842 2790 875 2852 in
900 2789 1044 2854 ecclesia
1057 2793 1293 2881 canonicorum,

272 2897 377 2981 ipsius
394 2897 502 2961 sancti
524 2895 705 2961 Uulfranni
724 2897 859 2962 nomine
875 2895 1055 2974 iabricata,
1082 2918 1215 2965 summa
1235 2916 1295 2963 cun

273 3005 464 3070 reuerentia
480 3009 711 3069 conseruntur.

317 3111 392 3174 Hiis
421 3109 626 3195 temporibus
646 3110 799 3194 Pipinus,
827 3109 916 3174 filius
946 3110 1104 3189 Anchiei‚
1122 3110 1298 3178 maior-do

272 3239 357 3295 mue,
374 3217 482 3283 iactus
509 3223 561 3283 est
577 3219 731 3303 princeps
753 3217 959 3282 Francorum
984 3223 1018 3284 et
1042 3223 1154 3285 totum
1169 3235 1297 3305 regnum

272 3345 344 3389 cum
355 3344 435 3410 rege
452 3325 598 3390 uiriliter
609 3324 829 3411 gubernabat.
850 3326 953 3390 lstius
969 3325 1134 3411 Pipiniet
1149 3325 1298 3392 heredum

272 3450 406 3494 suorum
421 3438 516 3496 actus
531 3438 566 3498 et
580 3433 715 3496 nomina
731 3453 752 3497 a
767 3432 865 3497 modo
877 3440 1051 3517 ponuntur
1067 3433 1102 3498 in
1116 3434 1298 3521 cathalogo.

273 3554 349 3597 nam
364 3553 460 3620 reges
474 3537 545 3602 solo
562 3538 695 3602 nomine
709 3536 898 3623 regnabant
914 3547 949 3605 et
969 3540 1110 3626 Pipinus
1124 3560 1200 3609 cum
1212 3542 1302 3609 bere·

273 3642 369 3707 dibus
386 3645 467 3720 suis,
485 3646 541 3729 qui
558 3644 837 3709 maiores-domus
853 3644 1063 3725 dicebantur,
1079 3666 1221 3736 regnum
1238 3666 1301 3715 cum

272 3749 409 3834 regibus
421 3749 657 3819 defendebant.

219 3861 252 3917 30
316 3856 414 3921 Circa
427 3857 664 3943 bectempora,
681 3858 770 3957 obiit·
790 3859 890 3936 Beda,
915 3859 1108 3947 presbyter,
1133 3861 1301 3948 hystorio-

273 3961 422 4048 graphas
437 3963 666 4050 Anglioorum.
