2918 5046
695 416 853 473 -Ἆῖ-

301 546 364 611 Illo
376 550 539 632 tempore,
557 543 748 610 Ludouicus
763 563 839 621 rex,
857 542 935 609 dum
948 542 1239 631 peregrinationis
1249 544 1305 609 uia

254 658 356 729 esset,
373 653 515 718 consilio
535 672 685 727 suorum,
707 651 860 717 'lliunitii
877 648 1211 727 transiretauerunt,
1227 648 1306 715 Cur·

255 760 429 845 tbaginem
457 781 531 825 cum
554 766 653 846 portu
677 780 779 845 prope
803 760 999 826 Thunitium
1028 765 1207 845 ceperunt.
1241 756 1304 823 Illo

256 887 358 943 anne,
392 865 572 933 infirmitas
596 866 782 931 communis
808 866 915 951 primo
929 864 1306 951 Abbanensemepisco·

256 994 333 1061 pum
359 974 578 1051 cardinalem,
596 994 699 1039 unum
726 972 766 1037 de
787 972 868 1037 filiis
894 972 997 1059 regis,
1024 976 1060 1039 et
1084 990 1203 1059 regem
1236 970 1304 1035 Lu-

256 1084 411 1147 douicum
432 1103 507 1147 cum
523 1082 639 1149 multis
655 1080 696 1145 de
714 1080 824 1145 medio
847 1080 998 1147 sustulit.
1024 1080 1134 1155 Quam
1159 1078 1306 1145 feliciter

257 1211 318 1255 rex
335 1189 526 1255 Ludouicus
541 1190 675 1265 obierit,
690 1190 929 1254 rexNauarrie
940 1187 1075 1253 domino
1085 1186 1305 1253 Thusoulano

255 1318 315 1383 per
330 1298 463 1363 litteras
482 1298 666 1363 intimauit.
684 1298 721 1361 In
737 1296 936 1363 infirmitate
952 1316 1013 1361 sua
1029 1296 1135 1361 Deum
1152 1315 1222 1361 non
1238 1314 1306 1361 ces-

257 1403 354 1469 sabat
371 1404 522 1481 laudare,
540 1403 1161 1489 quandoquedicenshancorationem
1178 1424 1187 1467 :
1207 1432 1223 1459 ι
1239 1402 1306 1467 Fae

204 1524 236 1581 10
258 1540 272 1565 κ
301 1530 374 1588 nos,
391 1531 586 1596 quesumus
606 1512 758 1587 Domine,
780 1531 942 1597 prospera
957 1510 1058 1577 huius
1082 1510 1202 1577 mundi
1226 1510 1306 1577 des·

259 1650 273 1675 a
301 1620 412 1706 picere
430 1624 465 1685 et
489 1618 583 1683 nulla
598 1619 670 1683 eius
688 1618 834 1683 aduersa
852 1616 1046 1683 formidare.
1070 1646 1086 1673 ι
1108 1616 1306 1703 Orabatque

256 1726 453 1813 quarrdoque
476 1746 537 1811 pro
564 1726 634 1791 suis
661 1724 794 1791 dicens:
812 1756 826 1781 u
845 1726 941 1803 Esto,
967 1724 1120 1801 Domine,
1137 1720 1230 1809 plebi
1248 1728 1304 1789 tue

257 1830 501 1909 sanctificator,
541 1838 576 1899 et
604 1833 823 1900 custos.»1·2t
848 1852 922 1897 cum
947 1832 1239 1917 appropinquaret
1262 1826 1302 1895 ad

257 1938 369 2015 finem,
383 1940 536 2023 suspexit.
560 1939 601 2004 ad
622 1940 728 2004 celum
742 1938 879 2003 dicens:
900 1970 915 1995 u
934 1936 1087 2005 introibo
1115 1936 1152 2002 in
1167 1934 1302 2003 domum

258 2056 373 2125 turarii,
395 2045 542 2111 adorabo
566 2046 608 2111 ad
629 2045 788 2131 templum
815 2052 969 2111 sanctum
996 2052 1105 2122 tuum,
1134 2049 1170 2111 et
1197 2040 1303 2109 coufl-

257 2155 355 2221 lebor
370 2156 496 2220 nomini
512 2172 584 2231 uuo,
601 2155 749 2219 Domine.
768 2185 783 2209 n
804 2154 845 2222 Et
858 2154 919 2219 hoc
930 2150 1085 2231 dicendo,
1096 2148 1304 2219 obdormiuit

259 2264 291 2326 in
310 2263 462 2327 Domino.

303 2475 365 2539 illo
392 2482 554 2561 tempore,
577 2474 731 2540 dominus
754 2476 913 2553 liarolus,
938 2494 1000 2540 reu
1013 2474 1141 2551 Sicilie,
1164 2472 1302 2561 nauigio

259 2584 349 2648 uenit
369 2582 410 2647 ad
425 2583 611 2647 exercitum
628 2584 848 2659 Francorum,
868 2580 1093 2667 gaudentibus
1106 2580 1251 2647 Francis
1269 2588 1302 2645 et

206 2714 241 2769 ρο
258 2690 409 2775 principe
429 2711 489 2754 suo
506 2688 671 2774 Philippo.
696 2690 874 2754 sarraceni
892 2708 959 2753 non
980 2692 1079 2753 erant
1094 2686 1171 2751 ausi
1195 2688 1300 2761 exire,

259 2795 316 2861 scd
330 2798 408 2881 quia
423 2804 516 2861 terra
532 2794 691 2861 sabulosa
706 2806 770 2873 est,
784 2794 1012 2861 ascendebant
1030 2792 1072 2859 ad
1093 2803 1229 2861 montes
1246 2792 1304 2860 de·

260 2924 360 2989 super
374 2905 559 2969 exercitum
578 2905 798 2981 Francorum,
816 2918 849 2971 ct
868 2902 1049 2969 riroucbant
1076 2900 1247 2979 sabulum,
1268 2908 1301 2967 et

259 3018 470 3097 peruentum
487 3012 629 3075 Francis
644 3010 784 3076 multum
796 3009 951 3077 nocebat.
969 3010 1094 3073 Tamen
1107 3008 1198 3075 Deus
1212 3008 1304 3075 misit

260 3120 308 3183 eis
325 3118 473 3204 pluuium
494 3116 735 3191 desideratam,
749 3124 783 3185 et
800 3119 848 3183 sic·
862 3116 1017 3183 saiiulum
1037 3136 1104 3183 non
1119 3114 1275 3183 nocebat.

305 3442 397 3505 Tunc
414 3442 590 3527 xpistiani,
609 3442 739 3525 paratis
752 3442 931 3519 machinis,
955 3438 1111 3518 nauibus,
1137 3448 1173 3509 et
1198 3442 1303 3509 uariis

262 3548 508 3626 instrumcmis,
535 3567 596 3631 per
622 3552 749 3611 terram
775 3558 809 3613 et
838 3568 958 3633 aquam
977 3547 1176 3615 'l'hunitium
1199 3570 1303 3639 oppu-

261 3671 378 3736 gnare,
410 3652 643 3717 iruemlebant.
661 3655 753 3727 Quod
779 3654 945 3731 uidentes,
976 3654 1156 3721 Sarraceni
1183 3658 1303 3723 timore

261 3758 435 3844 cmnpulsi,
455 3772 554 3841 pacta
576 3780 649 3823 cum
670 3762 851 3847 xpistianis
869 3762 1029 3827 inierunt.
1049 3762 1145 3827 inter
1166 3762 1303 3849 hecque

262 3868 421 3931 «lii-umur
436 3864 540 3929 luisse
554 3870 752 3954 primipua:
779 3878 815 3935 ut
843 3890 960 3935 omncs
979 3870 1156 3955 xpistiani,
1180 3868 1304 3957 captiui

207 3989 243 4043 'du
263 3978 356 4057 rcpui
372 3974 536 4050 l'lmnitii,
558 3974 796 4055 liberarentur,
814 3988 845 4043 el
863 3976 949 4062 quod
967 3978 1176 4043 monasteria
1190 3976 1233 4043 ad
1250 3976 1304 4041 ho·

263 4106 377 4148 norma
393 4084 494 4168 xpisli
514 4084 546 4147 iu
564 4084 720 4149 oninibus
734 4084 930 4152 ciuitatibus
952 4084 1191 4153 Thunitiorum
1207 4084 1300 4173 regni
