<?xml version="1.0" encoding="UTF-8"?>
<!DOCTYPE html PUBLIC "-//W3C//DTD XHTML 1.0 Transitional//EN"
    "http://www.w3.org/TR/xhtml1/DTD/xhtml1-transitional.dtd">
<html xmlns="http://www.w3.org/1999/xhtml" xml:lang="en" lang="en">
 <head>
  <title>
</title>
<meta http-equiv="Content-Type" content="text/html;charset=utf-8" />
  <meta name='ocr-system' content='tesseract 3.04.00' />
  <meta name='ocr-capabilities' content='ocr_page ocr_carea ocr_par ocr_line ocrx_word'/>
</head>
<body>
  <div class='ocr_page' id='page_1' title='image "./chroniquedelabb00fragoog_0410.png"; bbox 0 0 2970 5430; ppageno 0'>
   <div class='ocr_carea' id='block_1_1' title="bbox 711 444 869 500">
    <p class='ocr_par' dir='ltr' id='par_1_1' title="bbox 711 444 869 500">
     <span class='ocr_line' id='line_1_1' title="bbox 711 444 869 500; baseline 0 0"><span class='ocrx_word' id='word_1_1' title='bbox 711 470 741 483; x_wconf 94' lang='lat'>-</span> <span class='ocrx_word' id='word_1_2' title='bbox 761 444 816 500; x_wconf 76' lang='lat'>876</span> <span class='ocrx_word' id='word_1_3' title='bbox 833 472 869 486; x_wconf 95' lang='lat'><em>-</em></span> 
     </span>
    </p>
   </div>
   <div class='ocr_carea' id='block_1_2' title="bbox 267 567 1320 763">
    <p class='ocr_par' dir='ltr' id='par_1_2' title="bbox 267 567 1320 763">
     <span class='ocr_line' id='line_1_2' title="bbox 267 567 1320 649; baseline 0.011 -16"><span class='ocrx_word' id='word_1_4' title='bbox 267 572 332 646; x_wconf 88' lang='lat' dir='ltr'>est,</span> <span class='ocrx_word' id='word_1_5' title='bbox 346 573 382 636; x_wconf 89' lang='lat' dir='ltr'>et</span> <span class='ocrx_word' id='word_1_6' title='bbox 395 588 483 635; x_wconf 84' lang='lat' dir='ltr'>uxor</span> <span class='ocrx_word' id='word_1_7' title='bbox 497 588 558 635; x_wconf 89' lang='lat' dir='ltr'>sna</span> <span class='ocrx_word' id='word_1_8' title='bbox 568 567 759 649; x_wconf 79' lang='lat' dir='ltr'>destructa3</span> <span class='ocrx_word' id='word_1_9' title='bbox 772 568 990 639; x_wconf 85' lang='lat' dir='ltr'>Burcbardus</span> <span class='ocrx_word' id='word_1_10' title='bbox 1000 590 1085 639; x_wconf 86' lang='lat' dir='ltr'>noro</span> <span class='ocrx_word' id='word_1_11' title='bbox 1093 570 1222 641; x_wconf 84' lang='lat' dir='ltr'>dictum</span> <span class='ocrx_word' id='word_1_12' title='bbox 1230 592 1320 647; x_wconf 68' lang='lat' dir='ltr'>ota·</span> 
     </span>
     <span class='ocr_line' id='line_1_3' title="bbox 267 674 663 763; baseline 0.005 -24"><span class='ocrx_word' id='word_1_13' title='bbox 267 679 359 740; x_wconf 86' lang='lat' dir='ltr'>trum</span> <span class='ocrx_word' id='word_1_14' title='bbox 374 674 521 761; x_wconf 82' lang='lat' dir='ltr'><strong>suscepit</strong></span> <span class='ocrx_word' id='word_1_15' title='bbox 535 695 557 740; x_wconf 89' lang='lat' dir='ltr'>a</span> <span class='ocrx_word' id='word_1_16' title='bbox 571 695 663 763; x_wconf 84' lang='lat' dir='ltr'>rege.</span> 
     </span>
    </p>
   </div>
   <div class='ocr_carea' id='block_1_3' title="bbox 266 778 1293 975">
    <p class='ocr_par' dir='ltr' id='par_1_3' title="bbox 266 778 1293 975">
     <span class='ocr_line' id='line_1_4' title="bbox 311 778 1293 867; baseline 0.01 -22"><span class='ocrx_word' id='word_1_17' title='bbox 311 778 374 845; x_wconf 89' lang='lat' dir='ltr'>Illo</span> <span class='ocrx_word' id='word_1_18' title='bbox 404 786 568 867; x_wconf 87' lang='lat' dir='ltr'>tompore,</span> <span class='ocrx_word' id='word_1_19' title='bbox 595 779 813 847; x_wconf 81' lang='lat' dir='ltr'>Rainnardus</span> <span class='ocrx_word' id='word_1_20' title='bbox 839 801 951 848; x_wconf 88' lang='lat' dir='ltr'>comes</span> <span class='ocrx_word' id='word_1_21' title='bbox 973 782 1112 852; x_wconf 89' lang='lat' dir='ltr'>netnlus</span> <span class='ocrx_word' id='word_1_22' title='bbox 1137 782 1293 855; x_wconf 73' lang='lat' dir='ltr'>abbatim</span> 
     </span>
     <span class='ocr_line' id='line_1_5' title="bbox 266 885 1288 975; baseline 0.01 -22"><span class='ocrx_word' id='word_1_23' title='bbox 266 885 567 954; x_wconf 86' lang='lat' dir='ltr'>Sancte-Columbo</span> <span class='ocrx_word' id='word_1_24' title='bbox 582 889 750 975; x_wconf 88' lang='lat' dir='ltr'>peiorauit</span> <span class='ocrx_word' id='word_1_25' title='bbox 773 896 807 957; x_wconf 86' lang='lat' dir='ltr'>ot</span> <span class='ocrx_word' id='word_1_26' title='bbox 823 888 998 955; x_wconf 80' lang='lat' dir='ltr'><strong>cenobium</strong></span> <span class='ocrx_word' id='word_1_27' title='bbox 1011 888 1288 975; x_wconf 63' lang='lat' dir='ltr'>Sancte-Fumat</span> 
     </span>
    </p>
   </div>
   <div class='ocr_carea' id='block_1_4' title="bbox 267 989 1343 1493">
    <p class='ocr_par' dir='ltr' id='par_1_4' title="bbox 267 989 1343 1493">
     <span class='ocr_line' id='line_1_6' title="bbox 267 989 1286 1086; baseline 0.011 -29"><span class='ocrx_word' id='word_1_28' title='bbox 267 989 437 1059; x_wconf 86' lang='lat' dir='ltr'>abbatiam</span> <span class='ocrx_word' id='word_1_29' title='bbox 456 992 900 1064; x_wconf 79' lang='lat' dir='ltr'>Sancte-Mariede-Porta.</span> <span class='ocrx_word' id='word_1_30' title='bbox 925 996 965 1063; x_wconf 93' lang='lat' dir='ltr'>In</span> <span class='ocrx_word' id='word_1_31' title='bbox 985 998 1201 1086; x_wconf 79' lang='lat' dir='ltr'>possessione</span> <span class='ocrx_word' id='word_1_32' title='bbox 1218 998 1286 1069; x_wconf 83' lang='lat' dir='ltr'>dicte</span> 
     </span>
     <span class='ocr_line' id='line_1_7' title="bbox 267 1096 1285 1193; baseline 0.01 -30"><span class='ocrx_word' id='word_1_33' title='bbox 267 1096 402 1165; x_wconf 89' lang='lat' dir='ltr'>abbatie</span> <span class='ocrx_word' id='word_1_34' title='bbox 417 1100 667 1167; x_wconf 84' lang='lat' dir='ltr'>Sancte-Mario</span> <span class='ocrx_word' id='word_1_35' title='bbox 677 1100 828 1170; x_wconf 87' lang='lat' dir='ltr'>firmauit</span> <span class='ocrx_word' id='word_1_36' title='bbox 837 1106 987 1171; x_wconf 87' lang='lat' dir='ltr'>castrum</span> <span class='ocrx_word' id='word_1_37' title='bbox 1004 1104 1193 1193; x_wconf 82' lang='lat' dir='ltr'>loingnaci,</span> <span class='ocrx_word' id='word_1_38' title='bbox 1206 1106 1285 1173; x_wconf 83' lang='lat' dir='ltr'>aliri-</span> 
     </span>
     <span class='ocr_line' id='line_1_8' title="bbox 269 1206 1285 1293; baseline 0.011 -24"><span class='ocrx_word' id='word_1_39' title='bbox 269 1224 332 1293; x_wconf 88' lang='lat' dir='ltr'>que</span> <span class='ocrx_word' id='word_1_40' title='bbox 349 1210 498 1273; x_wconf 85' lang='lat' dir='ltr'>cast-rum</span> <span class='ocrx_word' id='word_1_41' title='bbox 514 1206 667 1275; x_wconf 85' lang='lat' dir='ltr'>firmauit</span> <span class='ocrx_word' id='word_1_42' title='bbox 680 1209 714 1273; x_wconf 91' lang='lat' dir='ltr'>in</span> <span class='ocrx_word' id='word_1_43' title='bbox 728 1215 823 1275; x_wconf 85' lang='lat' dir='ltr'>terra</span> <span class='ocrx_word' id='word_1_44' title='bbox 844 1210 1043 1277; x_wconf 82' lang='lat' dir='ltr'>monasterii</span> <span class='ocrx_word' id='word_1_45' title='bbox 1065 1212 1285 1293; x_wconf 71' lang='lat' dir='ltr'>Ferrariensin</span> 
     </span>
     <span class='ocr_line' id='line_1_9' title="bbox 268 1310 1343 1397; baseline 0.01 -20"><span class='ocrx_word' id='word_1_46' title='bbox 268 1310 356 1397; x_wconf 89' lang='lat' dir='ltr'>quod</span> <span class='ocrx_word' id='word_1_47' title='bbox 393 1311 529 1379; x_wconf 88' lang='lat' dir='ltr'>dicitur.</span> <span class='ocrx_word' id='word_1_48' title='bbox 571 1312 966 1396; x_wconf 85' lang='lat' dir='ltr'>Castrum-Rainnardi;</span> <span class='ocrx_word' id='word_1_49' title='bbox 997 1322 1033 1385; x_wconf 87' lang='lat' dir='ltr'>et</span> <span class='ocrx_word' id='word_1_50' title='bbox 1068 1318 1193 1386; x_wconf 85' lang='lat' dir='ltr'>turrim</span> <span class='ocrx_word' id='word_1_51' title='bbox 1224 1338 1287 1387; x_wconf 87' lang='lat' dir='ltr'>nero</span> <span class='ocrx_word' id='word_1_52' title='bbox 1341 1324 1343 1329; x_wconf 83' lang='lat'>&#39;</span> 
     </span>
     <span class='ocr_line' id='line_1_10' title="bbox 269 1420 1289 1493; baseline 0.007 -9"><span class='ocrx_word' id='word_1_53' title='bbox 269 1420 451 1485; x_wconf 84' lang='lat' dir='ltr'><strong>maximam</strong></span> <span class='ocrx_word' id='word_1_54' title='bbox 468 1422 609 1488; x_wconf 88' lang='lat' dir='ltr'>Senonis</span> <span class='ocrx_word' id='word_1_55' title='bbox 631 1421 722 1489; x_wconf 86' lang='lat' dir='ltr'>iecit.</span> <span class='ocrx_word' id='word_1_56' title='bbox 741 1422 840 1488; x_wconf 88' lang='lat' dir='ltr'>Anno</span> <span class='ocrx_word' id='word_1_57' title='bbox 855 1424 988 1489; x_wconf 88' lang='lat' dir='ltr'><strong>Domini</strong></span> <span class='ocrx_word' id='word_1_58' title='bbox 1006 1424 1289 1493; x_wconf 86' lang='lat' dir='ltr'>millesimominns</span> 
     </span>
    </p>
   </div>
   <div class='ocr_carea' id='block_1_5' title="bbox 218 1525 1292 1703">
    <p class='ocr_par' dir='ltr' id='par_1_5' title="bbox 218 1525 1292 1703">
     <span class='ocr_line' id='line_1_11' title="bbox 218 1525 1292 1615; baseline 0.013 -25"><span class='ocrx_word' id='word_1_59' title='bbox 218 1534 252 1590; x_wconf 84' lang='lat'>¹0</span> <span class='ocrx_word' id='word_1_60' title='bbox 268 1546 346 1602; x_wconf 90' lang='lat' dir='ltr'>uno,</span> <span class='ocrx_word' id='word_1_61' title='bbox 376 1525 472 1605; x_wconf 90' lang='lat' dir='ltr'>obiit,</span> <span class='ocrx_word' id='word_1_62' title='bbox 501 1533 536 1596; x_wconf 87' lang='lat' dir='ltr'>et</span> <span class='ocrx_word' id='word_1_63' title='bbox 561 1527 713 1615; x_wconf 89' lang='lat' dir='ltr'>sepultus</span> <span class='ocrx_word' id='word_1_64' title='bbox 738 1527 804 1597; x_wconf 85' lang='lat' dir='ltr'>fuit</span> <span class='ocrx_word' id='word_1_65' title='bbox 819 1530 854 1595; x_wconf 90' lang='lat' dir='ltr'>in</span> <span class='ocrx_word' id='word_1_66' title='bbox 882 1533 1090 1601; x_wconf 80' lang='lat' dir='ltr'>monasterio</span> <span class='ocrx_word' id='word_1_67' title='bbox 1105 1532 1292 1603; x_wconf 63' lang='lat' dir='ltr'>sancum-</span> 
     </span>
     <span class='ocr_line' id='line_1_12' title="bbox 267 1630 983 1703; baseline 0.008 -6"><span class='ocrx_word' id='word_1_68' title='bbox 267 1630 392 1698; x_wconf 86' lang='lat' dir='ltr'>lumbe.</span> <span class='ocrx_word' id='word_1_69' title='bbox 409 1630 579 1701; x_wconf 76' lang='lat' dir='ltr'>Successit</span> <span class='ocrx_word' id='word_1_70' title='bbox 593 1634 625 1700; x_wconf 86' lang='lat' dir='ltr'>ei</span> <span class='ocrx_word' id='word_1_71' title='bbox 642 1654 724 1700; x_wconf 88' lang='lat' dir='ltr'>suus</span> <span class='ocrx_word' id='word_1_72' title='bbox 738 1634 983 1703; x_wconf 86' lang='lat' dir='ltr'>Frotmundus.</span> 
     </span>
    </p>
   </div>
   <div class='ocr_carea' id='block_1_6' title="bbox 468 1950 1129 2003">
    <p class='ocr_par' dir='ltr' id='par_1_6' title="bbox 468 1950 1129 2003">
     <span class='ocr_line' id='line_1_13' title="bbox 468 1950 1129 2003; baseline 0.009 -10"><span class='ocrx_word' id='word_1_73' title='bbox 468 1950 665 2003; x_wconf 69' lang='lat' dir='ltr'>submittimus,</span> <span class='ocrx_word' id='word_1_74' title='bbox 695 1951 860 1994; x_wconf 67' lang='lat' dir='ltr'>sunonmtsts</span> <span class='ocrx_word' id='word_1_75' title='bbox 890 1954 1129 1999; x_wconf 64' lang='lat' dir='ltr'>sucumbimus.</span> 
     </span>
    </p>
   </div>
   <div class='ocr_carea' id='block_1_7' title="bbox 218 2132 1318 3906">
    <p class='ocr_par' dir='ltr' id='par_1_7' title="bbox 268 2132 1307 2741">
     <span class='ocr_line' id='line_1_14' title="bbox 303 2132 1294 2208; baseline -0.001 -14"><span class='ocrx_word' id='word_1_76' title='bbox 303 2138 461 2195; x_wconf 86' lang='lat' dir='ltr'>Tricesima</span> <span class='ocrx_word' id='word_1_77' title='bbox 474 2144 556 2195; x_wconf 85' lang='lat' dir='ltr'>serta</span> <span class='ocrx_word' id='word_1_78' title='bbox 567 2134 665 2193; x_wconf 87' lang='lat' dir='ltr'>tabula</span> <span class='ocrx_word' id='word_1_79' title='bbox 680 2134 808 2208; x_wconf 89' lang='lat' dir='ltr'>loquitur</span> <span class='ocrx_word' id='word_1_80' title='bbox 820 2133 856 2191; x_wconf 87' lang='lat' dir='ltr'>de</span> <span class='ocrx_word' id='word_1_81' title='bbox 871 2132 990 2192; x_wconf 91' lang='lat' dir='ltr'>domino</span> <span class='ocrx_word' id='word_1_82' title='bbox 1002 2132 1185 2195; x_wconf 77' lang='lat' dir='ltr'>leotherico.</span> <span class='ocrx_word' id='word_1_83' title='bbox 1202 2132 1238 2193; x_wconf 88' lang='lat' dir='ltr'>de</span> <span class='ocrx_word' id='word_1_84' title='bbox 1247 2150 1294 2193; x_wconf 79' lang='lat' dir='ltr'>tun</span> 
     </span>
     <span class='ocr_line' id='line_1_15' title="bbox 269 2220 1299 2301; baseline -0.002 -18"><span class='ocrx_word' id='word_1_85' title='bbox 269 2230 362 2301; x_wconf 86' lang='lat' dir='ltr'>prima</span> <span class='ocrx_word' id='word_1_86' title='bbox 383 2227 547 2300; x_wconf 83' lang='lat' dir='ltr'>receptione</span> <span class='ocrx_word' id='word_1_87' title='bbox 575 2234 604 2283; x_wconf 88' lang='lat' dir='ltr'>et</span> <span class='ocrx_word' id='word_1_88' title='bbox 624 2224 763 2289; x_wconf 84' lang='lat' dir='ltr'>secunda.</span> <span class='ocrx_word' id='word_1_89' title='bbox 777 2224 813 2281; x_wconf 88' lang='lat' dir='ltr'>de</span> <span class='ocrx_word' id='word_1_90' title='bbox 825 2222 952 2281; x_wconf 85' lang='lat' dir='ltr'>Henrico</span> <span class='ocrx_word' id='word_1_91' title='bbox 966 2221 1051 2291; x_wconf 84' lang='lat' dir='ltr'>duce,</span> <span class='ocrx_word' id='word_1_92' title='bbox 1065 2222 1102 2281; x_wconf 89' lang='lat' dir='ltr'>de</span> <span class='ocrx_word' id='word_1_93' title='bbox 1122 2220 1299 2297; x_wconf 60' lang='lat' dir='ltr'>Ungeriade</span> 
     </span>
     <span class='ocr_line' id='line_1_16' title="bbox 268 2312 1301 2382; baseline -0.001 -10"><span class='ocrx_word' id='word_1_94' title='bbox 268 2315 413 2373; x_wconf 83' lang='lat' dir='ltr'>drachone</span> <span class='ocrx_word' id='word_1_95' title='bbox 429 2317 491 2372; x_wconf 90' lang='lat' dir='ltr'>uiso</span> <span class='ocrx_word' id='word_1_96' title='bbox 510 2317 540 2371; x_wconf 92' lang='lat' dir='ltr'>in</span> <span class='ocrx_word' id='word_1_97' title='bbox 563 2314 633 2382; x_wconf 81' lang='lat' dir='ltr'>celo,</span> <span class='ocrx_word' id='word_1_98' title='bbox 650 2314 685 2371; x_wconf 90' lang='lat' dir='ltr'>de</span> <span class='ocrx_word' id='word_1_99' title='bbox 700 2313 817 2370; x_wconf 84' lang='lat' dir='ltr'>aciebus</span> <span class='ocrx_word' id='word_1_100' title='bbox 833 2312 901 2369; x_wconf 85' lang='lat' dir='ltr'>visis</span> <span class='ocrx_word' id='word_1_101' title='bbox 915 2316 946 2369; x_wconf 91' lang='lat' dir='ltr'>in</span> <span class='ocrx_word' id='word_1_102' title='bbox 960 2312 1034 2381; x_wconf 84' lang='lat' dir='ltr'>ocio,</span> <span class='ocrx_word' id='word_1_103' title='bbox 1056 2312 1092 2369; x_wconf 88' lang='lat' dir='ltr'>de</span> <span class='ocrx_word' id='word_1_104' title='bbox 1108 2312 1301 2381; x_wconf 73' lang='lat' dir='ltr'>itrnumutctt¹</span> 
     </span>
     <span class='ocr_line' id='line_1_17' title="bbox 271 2400 1304 2475; baseline 0.001 -15"><span class='ocrx_word' id='word_1_105' title='bbox 271 2404 306 2461; x_wconf 91' lang='lat' dir='ltr'>de</span> <span class='ocrx_word' id='word_1_106' title='bbox 322 2405 382 2463; x_wconf 86' lang='lat' dir='ltr'>sole</span> <span class='ocrx_word' id='word_1_107' title='bbox 396 2403 501 2471; x_wconf 84' lang='lat' dir='ltr'>diuiso,</span> <span class='ocrx_word' id='word_1_108' title='bbox 526 2402 561 2460; x_wconf 92' lang='lat' dir='ltr'>de</span> <span class='ocrx_word' id='word_1_109' title='bbox 587 2420 652 2475; x_wconf 81' lang='lat' dir='ltr'>rege</span> <span class='ocrx_word' id='word_1_110' title='bbox 671 2400 808 2467; x_wconf 77' lang='lat' dir='ltr'>lieberto,</span> <span class='ocrx_word' id='word_1_111' title='bbox 834 2400 870 2459; x_wconf 86' lang='lat' dir='ltr'>de</span> <span class='ocrx_word' id='word_1_112' title='bbox 891 2418 990 2461; x_wconf 86' lang='lat' dir='ltr'>amors</span> <span class='ocrx_word' id='word_1_113' title='bbox 1013 2418 1101 2475; x_wconf 87' lang='lat' dir='ltr'>quem</span> <span class='ocrx_word' id='word_1_114' title='bbox 1120 2402 1223 2461; x_wconf 79' lang='lat' dir='ltr'>hebuit</span> <span class='ocrx_word' id='word_1_115' title='bbox 1245 2418 1304 2475; x_wconf 65' lang='lat' dir='ltr'>erp</span> 
     </span>
     <span class='ocr_line' id='line_1_18' title="bbox 270 2490 1305 2566; baseline 0.003 -17"><span class='ocrx_word' id='word_1_116' title='bbox 270 2502 404 2551; x_wconf 88' lang='lat' dir='ltr'>sanctum</span> <span class='ocrx_word' id='word_1_117' title='bbox 419 2494 624 2559; x_wconf 86' lang='lat' dir='ltr'>Saninianum,</span> <span class='ocrx_word' id='word_1_118' title='bbox 640 2491 675 2548; x_wconf 89' lang='lat' dir='ltr'>de</span> <span class='ocrx_word' id='word_1_119' title='bbox 688 2491 816 2566; x_wconf 88' lang='lat' dir='ltr'>reliquiis</span> <span class='ocrx_word' id='word_1_120' title='bbox 830 2492 949 2549; x_wconf 82' lang='lat' dir='ltr'>maioris</span> <span class='ocrx_word' id='word_1_121' title='bbox 960 2490 1091 2561; x_wconf 81' lang='lat' dir='ltr'>ecclesie,</span> <span class='ocrx_word' id='word_1_122' title='bbox 1105 2490 1141 2549; x_wconf 83' lang='lat' dir='ltr'>de</span> <span class='ocrx_word' id='word_1_123' title='bbox 1151 2492 1229 2551; x_wconf 87' lang='lat' dir='ltr'>dono</span> <span class='ocrx_word' id='word_1_124' title='bbox 1238 2492 1305 2551; x_wconf 67' lang='lat' dir='ltr'>lieo·</span> 
     </span>
     <span class='ocr_line' id='line_1_19' title="bbox 271 2578 1306 2648; baseline 0.004 -11"><span class='ocrx_word' id='word_1_125' title='bbox 271 2582 372 2638; x_wconf 85' lang='lat' dir='ltr'>thorici</span> <span class='ocrx_word' id='word_1_126' title='bbox 392 2578 467 2638; x_wconf 84' lang='lat' dir='ltr'>iacto</span> <span class='ocrx_word' id='word_1_127' title='bbox 486 2580 711 2645; x_wconf 81' lang='lat' dir='ltr'>Sancto-Petro,</span> <span class='ocrx_word' id='word_1_128' title='bbox 728 2579 763 2636; x_wconf 91' lang='lat' dir='ltr'>de</span> <span class='ocrx_word' id='word_1_129' title='bbox 778 2582 842 2636; x_wconf 92' lang='lat' dir='ltr'>uiro</span> <span class='ocrx_word' id='word_1_130' title='bbox 858 2580 910 2637; x_wconf 86' lang='lat' dir='ltr'>Dei</span> <span class='ocrx_word' id='word_1_131' title='bbox 927 2578 1045 2648; x_wconf 69' lang='lat' dir='ltr'>Anido,</span> <span class='ocrx_word' id='word_1_132' title='bbox 1060 2578 1097 2639; x_wconf 92' lang='lat' dir='ltr'>de</span> <span class='ocrx_word' id='word_1_133' title='bbox 1110 2580 1221 2641; x_wconf 81' lang='lat' dir='ltr'>Sancto</span> <span class='ocrx_word' id='word_1_134' title='bbox 1234 2582 1306 2641; x_wconf 80' lang='lat' dir='ltr'>Giie·</span> 
     </span>
     <span class='ocr_line' id='line_1_20' title="bbox 271 2666 1307 2741; baseline 0 -14"><span class='ocrx_word' id='word_1_135' title='bbox 271 2671 352 2728; x_wconf 87' lang='lat' dir='ltr'>berto</span> <span class='ocrx_word' id='word_1_136' title='bbox 369 2668 520 2738; x_wconf 81' lang='lat' dir='ltr'>Moldensi‚</span> <span class='ocrx_word' id='word_1_137' title='bbox 543 2669 578 2725; x_wconf 87' lang='lat' dir='ltr'>de</span> <span class='ocrx_word' id='word_1_138' title='bbox 593 2668 749 2741; x_wconf 85' lang='lat' dir='ltr'>sepulchro</span> <span class='ocrx_word' id='word_1_139' title='bbox 770 2668 889 2725; x_wconf 89' lang='lat' dir='ltr'>Domini</span> <span class='ocrx_word' id='word_1_140' title='bbox 909 2666 1063 2733; x_wconf 85' lang='lat' dir='ltr'>destructo.</span> <span class='ocrx_word' id='word_1_141' title='bbox 1079 2666 1116 2725; x_wconf 89' lang='lat' dir='ltr'>de</span> <span class='ocrx_word' id='word_1_142' title='bbox 1133 2668 1307 2727; x_wconf 78' lang='lat' dir='ltr'>morteGer·</span> 
     </span>
    </p>

    <p class='ocr_par' dir='ltr' id='par_1_8' title="bbox 218 2756 1317 3633">
     <span class='ocr_line' id='line_1_21' title="bbox 218 2756 1306 2834; baseline -0.001 -18"><span class='ocrx_word' id='word_1_143' title='bbox 218 2760 254 2816; x_wconf 82' lang='lat'>‘20</span> <span class='ocrx_word' id='word_1_144' title='bbox 272 2761 344 2818; x_wconf 88' lang='lat' dir='ltr'>berti</span> <span class='ocrx_word' id='word_1_145' title='bbox 359 2776 432 2834; x_wconf 86' lang='lat' dir='ltr'>pape</span> <span class='ocrx_word' id='word_1_146' title='bbox 455 2761 505 2833; x_wconf 83' lang='lat' dir='ltr'>qui</span> <span class='ocrx_word' id='word_1_147' title='bbox 527 2760 666 2816; x_wconf 82' lang='lat' dir='ltr'>Sduaster</span> <span class='ocrx_word' id='word_1_148' title='bbox 682 2756 712 2813; x_wconf 92' lang='lat'>11</span> <span class='ocrx_word' id='word_1_149' title='bbox 726 2756 885 2825; x_wconf 79' lang='lat' dir='ltr'>dicebatur,</span> <span class='ocrx_word' id='word_1_150' title='bbox 901 2756 938 2815; x_wconf 92' lang='lat' dir='ltr'>de</span> <span class='ocrx_word' id='word_1_151' title='bbox 959 2756 1102 2815; x_wconf 82' lang='lat' dir='ltr'>Romanis</span> <span class='ocrx_word' id='word_1_152' title='bbox 1116 2756 1306 2831; x_wconf 79' lang='lat' dir='ltr'>pontificibus.</span> 
     </span>
     <span class='ocr_line' id='line_1_22' title="bbox 273 2846 1308 2915; baseline 0.001 -11"><span class='ocrx_word' id='word_1_153' title='bbox 273 2848 308 2907; x_wconf 87' lang='lat' dir='ltr'>de</span> <span class='ocrx_word' id='word_1_154' title='bbox 331 2848 483 2906; x_wconf 85' lang='lat' dir='ltr'>traditione</span> <span class='ocrx_word' id='word_1_155' title='bbox 505 2848 649 2905; x_wconf 85' lang='lat' dir='ltr'>Senonico</span> <span class='ocrx_word' id='word_1_156' title='bbox 674 2846 764 2913; x_wconf 89' lang='lat' dir='ltr'>urbis,</span> <span class='ocrx_word' id='word_1_157' title='bbox 790 2846 826 2903; x_wconf 89' lang='lat' dir='ltr'>do</span> <span class='ocrx_word' id='word_1_158' title='bbox 840 2856 932 2904; x_wconf 82' lang='lat' dir='ltr'>morte</span> <span class='ocrx_word' id='word_1_159' title='bbox 954 2846 1137 2915; x_wconf 83' lang='lat' dir='ltr'>Frotmundi,</span> <span class='ocrx_word' id='word_1_160' title='bbox 1159 2846 1197 2905; x_wconf 82' lang='lat' dir='ltr'>de</span> <span class='ocrx_word' id='word_1_161' title='bbox 1222 2856 1308 2905; x_wconf 79' lang='lat' dir='ltr'>morto</span> 
     </span>
     <span class='ocr_line' id='line_1_23' title="bbox 272 2935 1309 3009; baseline 0 -14"><span class='ocrx_word' id='word_1_162' title='bbox 272 2938 444 3007; x_wconf 74' lang='lat' dir='ltr'>Baiouarii,</span> <span class='ocrx_word' id='word_1_163' title='bbox 459 2938 570 2995; x_wconf 88' lang='lat' dir='ltr'>abbatis</span> <span class='ocrx_word' id='word_1_164' title='bbox 584 2936 876 3003; x_wconf 80' lang='lat' dir='ltr'>Sancti-Petri-Uiui,</span> <span class='ocrx_word' id='word_1_165' title='bbox 888 2935 923 2993; x_wconf 86' lang='lat' dir='ltr'>de</span> <span class='ocrx_word' id='word_1_166' title='bbox 934 2936 1047 3009; x_wconf 80' lang='lat' dir='ltr'>Ingone</span> <span class='ocrx_word' id='word_1_167' title='bbox 1056 2936 1174 3007; x_wconf 72' lang='lat' dir='ltr'>abbata,</span> <span class='ocrx_word' id='word_1_168' title='bbox 1182 2936 1220 2995; x_wconf 87' lang='lat' dir='ltr'>de</span> <span class='ocrx_word' id='word_1_169' title='bbox 1229 2952 1309 2997; x_wconf 81' lang='lat' dir='ltr'>cons-</span> 
     </span>
     <span class='ocr_line' id='line_1_24' title="bbox 273 3024 1310 3098; baseline 0 -13"><span class='ocrx_word' id='word_1_170' title='bbox 273 3028 417 3085; x_wconf 86' lang='lat' dir='ltr'>tructione</span> <span class='ocrx_word' id='word_1_171' title='bbox 430 3028 516 3084; x_wconf 87' lang='lat' dir='ltr'>castri</span> <span class='ocrx_word' id='word_1_172' title='bbox 531 3025 720 3093; x_wconf 86' lang='lat' dir='ltr'>bionsterioii‚</span> <span class='ocrx_word' id='word_1_173' title='bbox 736 3024 771 3081; x_wconf 92' lang='lat' dir='ltr'>de</span> <span class='ocrx_word' id='word_1_174' title='bbox 786 3024 996 3098; x_wconf 73' lang='lat' dir='ltr'>persecutione,</span> <span class='ocrx_word' id='word_1_175' title='bbox 1009 3026 1085 3083; x_wconf 81' lang='lat' dir='ltr'>fame</span> <span class='ocrx_word' id='word_1_176' title='bbox 1097 3034 1127 3083; x_wconf 88' lang='lat' dir='ltr'>et</span> <span class='ocrx_word' id='word_1_177' title='bbox 1141 3026 1310 3085; x_wconf 71' lang='lat' dir='ltr'>mortalitate</span> 
     </span>
     <span class='ocr_line' id='line_1_25' title="bbox 274 3113 1313 3189; baseline -0.001 -15"><span class='ocrx_word' id='word_1_178' title='bbox 274 3118 429 3185; x_wconf 86' lang='lat' dir='ltr'>Senonica,</span> <span class='ocrx_word' id='word_1_179' title='bbox 445 3116 480 3173; x_wconf 88' lang='lat' dir='ltr'>de</span> <span class='ocrx_word' id='word_1_180' title='bbox 494 3132 564 3189; x_wconf 83' lang='lat' dir='ltr'>pace</span> <span class='ocrx_word' id='word_1_181' title='bbox 578 3117 654 3172; x_wconf 85' lang='lat' dir='ltr'>inter</span> <span class='ocrx_word' id='word_1_182' title='bbox 668 3132 765 3187; x_wconf 78' lang='lat' dir='ltr'>regem</span> <span class='ocrx_word' id='word_1_183' title='bbox 778 3126 808 3173; x_wconf 82' lang='lat' dir='ltr'>ot</span> <span class='ocrx_word' id='word_1_184' title='bbox 820 3113 1070 3187; x_wconf 84' lang='lat' dir='ltr'>archiopioospum</span> <span class='ocrx_word' id='word_1_185' title='bbox 1081 3122 1113 3171; x_wconf 90' lang='lat' dir='ltr'>et</span> <span class='ocrx_word' id='word_1_186' title='bbox 1122 3116 1272 3185; x_wconf 78' lang='lat' dir='ltr'>comitam,</span> <span class='ocrx_word' id='word_1_187' title='bbox 1281 3114 1313 3173; x_wconf 81' lang='lat' dir='ltr'>tie</span> 
     </span>
     <span class='ocr_line' id='line_1_26' title="bbox 275 3202 1314 3279; baseline 0.002 -18"><span class='ocrx_word' id='word_1_188' title='bbox 275 3206 478 3279; x_wconf 83' lang='lat' dir='ltr'>persecutione</span> <span class='ocrx_word' id='word_1_189' title='bbox 498 3204 715 3278; x_wconf 81' lang='lat' dir='ltr'>archiepiscopi,</span> <span class='ocrx_word' id='word_1_190' title='bbox 730 3203 765 3259; x_wconf 91' lang='lat' dir='ltr'>de</span> <span class='ocrx_word' id='word_1_191' title='bbox 779 3204 916 3275; x_wconf 75' lang='lat' dir='ltr'>Rotgerio</span> <span class='ocrx_word' id='word_1_192' title='bbox 939 3202 1134 3273; x_wconf 83' lang='lat' dir='ltr'>Nortmunno‚</span> <span class='ocrx_word' id='word_1_193' title='bbox 1147 3204 1184 3263; x_wconf 89' lang='lat' dir='ltr'>de</span> <span class='ocrx_word' id='word_1_194' title='bbox 1203 3204 1314 3263; x_wconf 86' lang='lat' dir='ltr'>Rodul·</span> 
     </span>
     <span class='ocr_line' id='line_1_27' title="bbox 275 3292 1313 3367; baseline 0 -16"><span class='ocrx_word' id='word_1_195' title='bbox 275 3296 347 3367; x_wconf 82' lang='lat' dir='ltr'>pho‚</span> <span class='ocrx_word' id='word_1_196' title='bbox 368 3294 404 3351; x_wconf 90' lang='lat' dir='ltr'>do</span> <span class='ocrx_word' id='word_1_197' title='bbox 425 3296 519 3351; x_wconf 69' lang='lat' dir='ltr'>heresi</span> <span class='ocrx_word' id='word_1_198' title='bbox 532 3294 748 3361; x_wconf 66' lang='lat' dir='ltr'>dormiendum,</span> <span class='ocrx_word' id='word_1_199' title='bbox 761 3293 796 3351; x_wconf 90' lang='lat' dir='ltr'>dc</span> <span class='ocrx_word' id='word_1_200' title='bbox 811 3294 989 3351; x_wconf 83' lang='lat' dir='ltr'>Theoderico</span> <span class='ocrx_word' id='word_1_201' title='bbox 1006 3294 1154 3367; x_wconf 83' lang='lat' dir='ltr'>episcopo,</span> <span class='ocrx_word' id='word_1_202' title='bbox 1170 3292 1207 3351; x_wconf 85' lang='lat' dir='ltr'>de</span> <span class='ocrx_word' id='word_1_203' title='bbox 1222 3292 1313 3353; x_wconf 83' lang='lat' dir='ltr'>Ludo-</span> 
     </span>
     <span class='ocr_line' id='line_1_28' title="bbox 277 3382 1314 3455; baseline -0.002 -14"><span class='ocrx_word' id='word_1_204' title='bbox 277 3386 341 3442; x_wconf 90' lang='lat' dir='ltr'>uico</span> <span class='ocrx_word' id='word_1_205' title='bbox 363 3385 478 3449; x_wconf 88' lang='lat' dir='ltr'>comito,</span> <span class='ocrx_word' id='word_1_206' title='bbox 492 3383 527 3441; x_wconf 90' lang='lat' dir='ltr'>do</span> <span class='ocrx_word' id='word_1_207' title='bbox 542 3394 687 3440; x_wconf 86' lang='lat' dir='ltr'>conuentu</span> <span class='ocrx_word' id='word_1_208' title='bbox 702 3384 775 3439; x_wconf 86' lang='lat' dir='ltr'>iacto</span> <span class='ocrx_word' id='word_1_209' title='bbox 791 3382 821 3438; x_wconf 92' lang='lat' dir='ltr'>in</span> <span class='ocrx_word' id='word_1_210' title='bbox 836 3382 1005 3455; x_wconf 77' lang='lat' dir='ltr'>episcopatu</span> <span class='ocrx_word' id='word_1_211' title='bbox 1020 3382 1271 3441; x_wconf 76' lang='lat' dir='ltr'>Autissiodorenei</span> <span class='ocrx_word' id='word_1_212' title='bbox 1287 3392 1314 3439; x_wconf 83' lang='lat' dir='ltr'>et</span> 
     </span>
     <span class='ocr_line' id='line_1_29' title="bbox 276 3469 1312 3539; baseline 0.001 -11"><span class='ocrx_word' id='word_1_213' title='bbox 276 3472 312 3529; x_wconf 88' lang='lat' dir='ltr'>de</span> <span class='ocrx_word' id='word_1_214' title='bbox 333 3472 480 3529; x_wconf 84' lang='lat' dir='ltr'>miraculis</span> <span class='ocrx_word' id='word_1_215' title='bbox 503 3474 595 3528; x_wconf 83' lang='lat' dir='ltr'>sancti</span> <span class='ocrx_word' id='word_1_216' title='bbox 616 3470 776 3538; x_wconf 84' lang='lat' dir='ltr'>Sanctinni,</span> <span class='ocrx_word' id='word_1_217' title='bbox 796 3470 832 3527; x_wconf 92' lang='lat' dir='ltr'>do</span> <span class='ocrx_word' id='word_1_218' title='bbox 850 3469 971 3527; x_wconf 85' lang='lat' dir='ltr'>uocibus</span> <span class='ocrx_word' id='word_1_219' title='bbox 994 3482 1177 3528; x_wconf 89' lang='lat' dir='ltr'>mortuorum</span> <span class='ocrx_word' id='word_1_220' title='bbox 1197 3470 1312 3539; x_wconf 82' lang='lat' dir='ltr'>auditis,</span> 
     </span>
     <span class='ocr_line' id='line_1_30' title="bbox 277 3560 1317 3633; baseline 0.004 -16"><span class='ocrx_word' id='word_1_221' title='bbox 277 3561 312 3618; x_wconf 88' lang='lat' dir='ltr'>do</span> <span class='ocrx_word' id='word_1_222' title='bbox 327 3572 428 3619; x_wconf 87' lang='lat' dir='ltr'>sancto</span> <span class='ocrx_word' id='word_1_223' title='bbox 446 3562 550 3631; x_wconf 61' lang='lat' dir='ltr'>Erucio,</span> <span class='ocrx_word' id='word_1_224' title='bbox 563 3561 599 3618; x_wconf 86' lang='lat' dir='ltr'>de</span> <span class='ocrx_word' id='word_1_225' title='bbox 610 3560 750 3619; x_wconf 84' lang='lat' dir='ltr'>Gosrordo</span> <span class='ocrx_word' id='word_1_226' title='bbox 763 3570 792 3617; x_wconf 86' lang='lat' dir='ltr'>ot</span> <span class='ocrx_word' id='word_1_227' title='bbox 806 3560 1057 3633; x_wconf 83' lang='lat' dir='ltr'>prodecessoribus</span> <span class='ocrx_word' id='word_1_228' title='bbox 1069 3564 1131 3619; x_wconf 85' lang='lat' dir='ltr'>suis</span> <span class='ocrx_word' id='word_1_229' title='bbox 1144 3562 1223 3619; x_wconf 86' lang='lat' dir='ltr'>etde</span> <span class='ocrx_word' id='word_1_230' title='bbox 1238 3562 1317 3621; x_wconf 78' lang='lat' dir='ltr'>bem·</span> 
     </span>
    </p>

    <p class='ocr_par' dir='ltr' id='par_1_9' title="bbox 220 3649 1318 3906">
     <span class='ocr_line' id='line_1_31' title="bbox 220 3649 1317 3723; baseline 0.002 -15"><span class='ocrx_word' id='word_1_231' title='bbox 220 3651 256 3708; x_wconf 82' lang='lat'>30</span> <span class='ocrx_word' id='word_1_232' title='bbox 277 3652 332 3707; x_wconf 88' lang='lat' dir='ltr'>tice</span> <span class='ocrx_word' id='word_1_233' title='bbox 348 3668 499 3708; x_wconf 84' lang='lat' dir='ltr'>succesoro</span> <span class='ocrx_word' id='word_1_234' title='bbox 511 3669 575 3718; x_wconf 90' lang='lat' dir='ltr'>suo,</span> <span class='ocrx_word' id='word_1_235' title='bbox 591 3652 626 3707; x_wconf 88' lang='lat' dir='ltr'>do</span> <span class='ocrx_word' id='word_1_236' title='bbox 638 3660 729 3708; x_wconf 89' lang='lat' dir='ltr'>morte</span> <span class='ocrx_word' id='word_1_237' title='bbox 748 3649 868 3721; x_wconf 83' lang='lat' dir='ltr'>ingonis</span> <span class='ocrx_word' id='word_1_238' title='bbox 881 3650 1005 3715; x_wconf 84' lang='lat' dir='ltr'>abbatis.</span> <span class='ocrx_word' id='word_1_239' title='bbox 1022 3650 1060 3707; x_wconf 89' lang='lat' dir='ltr'>de</span> <span class='ocrx_word' id='word_1_240' title='bbox 1072 3666 1162 3723; x_wconf 80' lang='lat' dir='ltr'>capse</span> <span class='ocrx_word' id='word_1_241' title='bbox 1179 3650 1317 3709; x_wconf 70' lang='lat' dir='ltr'>fabricate</span> 
     </span>
     <span class='ocr_line' id='line_1_32' title="bbox 276 3738 1318 3813; baseline -0.001 -13"><span class='ocrx_word' id='word_1_242' title='bbox 276 3744 361 3801; x_wconf 80' lang='lat' dir='ltr'>boatu</span> <span class='ocrx_word' id='word_1_243' title='bbox 383 3743 538 3799; x_wconf 79' lang='lat' dir='ltr'>Saninianc</span> <span class='ocrx_word' id='word_1_244' title='bbox 556 3760 607 3813; x_wconf 90' lang='lat' dir='ltr'>por</span> <span class='ocrx_word' id='word_1_245' title='bbox 620 3740 782 3798; x_wconf 88' lang='lat' dir='ltr'>Robertum</span> <span class='ocrx_word' id='word_1_246' title='bbox 797 3756 893 3811; x_wconf 78' lang='lat' dir='ltr'>regem</span> <span class='ocrx_word' id='word_1_247' title='bbox 912 3746 941 3796; x_wconf 91' lang='lat' dir='ltr'>et</span> <span class='ocrx_word' id='word_1_248' title='bbox 960 3738 996 3795; x_wconf 90' lang='lat' dir='ltr'>de</span> <span class='ocrx_word' id='word_1_249' title='bbox 1013 3738 1174 3807; x_wconf 84' lang='lat' dir='ltr'>miraculis,</span> <span class='ocrx_word' id='word_1_250' title='bbox 1193 3738 1232 3799; x_wconf 84' lang='lat' dir='ltr'>de</span> <span class='ocrx_word' id='word_1_251' title='bbox 1250 3740 1318 3799; x_wconf 76' lang='lat' dir='ltr'>mi·</span> 
     </span>
     <span class='ocr_line' id='line_1_33' title="bbox 277 3828 1182 3906; baseline -0.002 -17"><span class='ocrx_word' id='word_1_252' title='bbox 277 3832 360 3890; x_wconf 88' lang='lat' dir='ltr'>berto</span> <span class='ocrx_word' id='word_1_253' title='bbox 374 3833 510 3906; x_wconf 87' lang='lat' dir='ltr'>episcopo</span> <span class='ocrx_word' id='word_1_254' title='bbox 523 3830 717 3904; x_wconf 82' lang='lat' dir='ltr'>Captoreneis,</span> <span class='ocrx_word' id='word_1_255' title='bbox 728 3829 764 3887; x_wconf 89' lang='lat' dir='ltr'>do</span> <span class='ocrx_word' id='word_1_256' title='bbox 777 3838 870 3887; x_wconf 86' lang='lat' dir='ltr'>morte</span> <span class='ocrx_word' id='word_1_257' title='bbox 882 3828 994 3887; x_wconf 88' lang='lat' dir='ltr'>domini</span> <span class='ocrx_word' id='word_1_258' title='bbox 1009 3828 1182 3889; x_wconf 82' lang='lat' dir='ltr'>Leotberici.</span> 
     </span>
    </p>
   </div>
   <div class='ocr_carea' id='block_1_8' title="bbox 0 0 1517 5430">
    <p class='ocr_par' dir='ltr' id='par_1_10' title="bbox 0 0 1517 5430">
     <span class='ocr_line' id='line_1_34' title="bbox 0 0 1517 5430; baseline 0 0"><span class='ocrx_word' id='word_1_259' title='bbox 0 0 1517 5430; x_wconf 95' lang='lat' dir='ltr'> </span> 
     </span>
    </p>
   </div>
  </div>
 </body>
</html>
