2970 5430
726 451 886 510 434..

275 579 481 666 Buprardus,
502 599 564 647 rex
589 579 902 667 Langobardorum,
931 578 1112 649 transtulit
1133 598 1217 649 ossa
1225 578 1316 651 beati

274 686 457 772 Augustini
476 685 516 753 de
532 686 688 753 Sardinia
700 688 734 753 in
745 687 924 775 Papiliam.

319 902 382 969 Illo
398 906 562 990 tempore,
579 902 779 980 Vlfrannus,
800 902 1004 970 senonensis
1029 900 1316 989 arehiepisoopus,

275 1009 425 1096 Frigiam
438 1008 626 1097 predioauit
635 1015 670 1076 et
683 1008 870 1075 Richodum
882 1008 999 1076 ducem
1011 1010 1248 1087 conuerterat;
1259 1005 1318 1075 ssd

275 1113 445 1182 Riohodus
473 1114 654 1201 dyabolum
684 1114 727 1181 ad
759 1135 795 1180 se
827 1117 1019 1183 uenientem
1051 1114 1316 1203 interrogauit:

275 1247 291 1276 ι
320 1221 382 1287 Ubi
398 1227 451 1288 est
466 1223 575 1289 maior
591 1242 670 1308 pars
684 1222 858 1309 parentele
872 1221 971 1289 meet
994 1223 1034 1288 In
1051 1219 1189 1289 inferno
1211 1220 1269 1287 uel
1282 1220 1318 1287 in

275 1356 290 1382 u
318 1328 499 1414 paradiso?
522 1329 610 1396 »Cui
627 1328 811 1414 dyabolus:
833 1358 848 1385 α
871 1330 910 1396 In
924 1328 1068 1395 inferno.
1088 1356 1104 1385 υ
1120 1327 1218 1395 Tuus
1231 1325 1319 1394 dixit

273 1437 360 1502 dux:
382 1466 396 1492 u
413 1436 535 1502 Melius
548 1442 601 1504 est
618 1438 711 1522 sequi
729 1437 891 1502 maiorem
906 1440 1049 1522 partem.
1068 1464 1084 1491 n
1100 1433 1319 1522 Etdyabolns

273 1544 382 1610 dixit:
402 1572 416 1598 u
430 1543 539 1609 Multa
550 1543 612 1610 tibi
630 1542 727 1609 dabo.
752 1573 767 1601 n
780 1544 824 1610 Et
845 1540 974 1609 siodux
987 1539 1196 1621 ludificatus,
1213 1540 1319 1611 tertia

223 1657 254 1713 10
272 1649 326 1716 die
341 1648 454 1716 subita
465 1654 574 1716 morte
586 1650 757 1716 extinctus
773 1654 837 1716 est.

317 1866 385 1932 Leo
404 1866 588 1952 imperator
601 1866 780 1952 ymagines
796 1864 1044 1931 ecclesiasticas
1058 1859 1142 1930 feeit
1166 1860 1316 1939 incendi,

271 1979 306 2041 et
317 1971 440 2038 multos
456 1978 626 2059 martyres
642 1973 808 2057 martyrio
824 1972 992 2047 coronari,
1015 1974 1050 2037 et
1069 1973 1226 2055 tempore
1244 1973 1319 2036 tra·

271 2086 370 2148 centa
384 2080 658 2146 miliahominum
669 2077 997 2165 Constantinopolim
1006 2074 1320 2164 pestilentiaperie-

273 2192 364 2255 runt.

316 2292 379 2359 Illo
391 2298 554 2379 tempore,
572 2293 705 2379 quidam
719 2315 755 2359 se
764 2293 880 2361 dicens
890 2295 1049 2380 Xpistum
1058 2293 1184 2360 multos
1193 2290 1316 2359 ludeos

273 2396 419 2463 seduxit.
445 2397 573 2482 Illoque
592 2406 755 2484 tempore,
785 2400 962 2466 Sarraceni
985 2398 1174 2485 Yspaniam
1195 2402 1317 2467 uasta·

273 2510 407 2571 norunt.
422 2503 549 2578 Quibus
560 2505 1051 2573 oeourrensllarolusblartelli
1059 2504 1242 2592 plusquam
1250 2508 1317 2573 tre·

272 2616 371 2676 centa
383 2610 528 2677 miliaax
541 2613 590 2677 eis
599 2614 759 2680 extinxit.
771 2612 881 2680 Ceteri
895 2611 1056 2699 sugerunt
1063 2610 1172 2678 multa
1185 2610 1315 2678 Kanolo

271 2715 478 2783 deserentes.
502 2717 650 2783 Karalus
666 2717 708 2783 de
724 2721 795 2785 suis
810 2720 952 2786 Francis
975 2716 1123 2805 perdidit
1136 2716 1208 2785 illie
1223 2716 1315 2783 mille

220 2830 255 2888 ‘lb
272 2824 485 2910 quingentos,

315 2934 559 3002 Constantinus
578 2937 620 3001 V.
644 2938 876 3003 -Pessimus
893 2936 970 3002 fuit.
1000 2935 1067 3001 Per
1082 2934 1192 3021 ipsum
1215 2934 1312 3002 multi

273 3040 363 3116 latei,
384 3040 497 3107 clerici
513 3048 548 3108 et
563 3043 719 3108 monachi
734 3045 768 3108 in
784 3042 849 3109 fide
864 3041 1048 3128 periclitati
1063 3044 1154 3107 sunt.
1176 3040 1314 3109 nomni-

272 3168 331 3213 ous
344 3148 420 3226 fuit,
429 3154 464 3216 et
473 3150 688 3228 Anastasius,
700 3148 1097 3235 Constantinopolitanae
1102 3146 1311 3234 patriarcha,

271 3253 452 3321 hereticus.

316 3360 379 3425 lllo
401 3367 564 3449 tempore,
591 3364 729 3441 Raetiis,
753 3384 815 3429 ren
831 3362 1143 3450 Longobardorum,
1159 3362 1313 3448 quinon·

272 3470 327 3532 tra
349 3467 519 3535 Romanos
534 3477 687 3548 uenerat,
707 3490 769 3556 per
787 3490 907 3557 papam
922 3469 1129 3536 Zachariam·
1140 3465 1314 3535 conuerti·

271 3579 340 3649 tur,
355 3578 391 3638 et
404 3574 590 3641 monachus
609 3575 763 3642 efficitur.
781 3575 981 3662 lintulphus,
995 3575 1103 3642 frater
1117 3592 1211 3653 suns,
1222 3576 1313 3643 rexit

272 3682 348 3763 post
362 3699 450 3744 eum.
467 3680 497 3744 Α
513 3681 675 3747 Romanis
689 3682 853 3748 tributum
869 3683 993 3769 exigit;
1011 3679 1069 3747 sed
1086 3679 1220 3749 demum
1235 3681 1312 3751 sto-

272 3784 405 3871 phanus
419 3804 518 3873 papa,
536 3787 663 3853 auxilio
683 3788 795 3874 Pipini
815 3792 850 3855 et
867 3783 1086 3870 Francorum,
1107 3785 1312 3855 illumdeui·

219 3905 252 3961 30
272 3892 330 3958 cit.
1239 3950 1242 3956 .

315 3998 560 4066 Constantinus
575 3999 761 4087 imperator
774 4003 954 4090 ymagines
967 3997 1218 4069 ecclesiasticus
1234 3996 1312 4066 des

272 4107 393 4186 truxit,
410 4109 445 4173 et
460 4110 552 4175 artes
568 4109 718 4195 magicas
735 4109 914 4178 exultauit.
