2970 5430
703 437 865 496 ..130-

310 566 564 643 Constantinus,
591 564 805 632 Constantini
826 564 928 643 filius,
955 585 1029 630 eum
1055 564 1244 633 Constante
1265 569 1298 630 et

268 672 479 749 Constantio,
504 673 574 737 suis
594 670 769 750 fratribus,
790 671 981 757 imperauit.
1000 670 1300 738 -Constantinus

268 784 459 865 peremptus
481 779 580 846 suita
606 778 744 843 ducibus
771 779 890 846 fratris
914 778 965 842 sui
988 776 1192 845 Constantii.
1211 779 1302 842 'luno

268 885 488 953 Constantius
504 886 594 951 solus
607 886 798 971 imperauit.

312 992 542 1059 Constantius.
567 1027 610 1039 -
633 992 800 1056 Arrianus
821 991 885 1056 luit
911 994 1107 1076 persecutor
1139 989 1300 1055 Ecclesia.

269 1098 431 1173 Donatus,
460 1099 677 1182 gramaticus,
705 1095 860 1174 florebat,
886 1103 921 1163 et
947 1097 1153 1175 Anthonius,
1186 1116 1304 1162 mona·

269 1202 362 1268 chus.
388 1202 473 1267 Ossa
498 1202 588 1270 beati
603 1202 737 1268 Andree
754 1209 789 1269 et
804 1202 893 1268 beati
916 1203 1004 1267 Luce
1024 1201 1196 1268 translata
1211 1206 1301 1268 sunt.

268 1309 497 1375 Anasthasius
512 1308 729 1386 Alexandria,
746 1307 910 1373 Eusebius
922 1308 1149 1385 Vercelensis‚
1166 1307 1305 1374 Ylarius

270 1416 494 1493 Pictauensis,
517 1421 551 1482 et
575 1415 750 1479 Ursicinus
770 1415 975 1481 Sunonensis
994 1414 1095 1478 exilio
1107 1414 1302 1482 mittuntur.

219 1527 251 1584 10
270 1523 451 1608 Dyonisius
477 1521 738 1587 Mediolanensis
765 1526 800 1589 et
834 1521 998 1587 Paulinus
1024 1521 1245 1587 Treuerensis
1271 1522 1304 1586 in

270 1629 373 1695 exilio
399 1632 600 1695 moriuntur.
622 1629 786 1708 Iulianus,
813 1648 915 1716 nepos
936 1627 1164 1707 Constantini,
1193 1647 1306 1695 mona·

271 1734 354 1800 chus
382 1734 492 1802 lactus
517 1740 581 1812 est,
612 1740 646 1801 et
673 1740 790 1821 postea
814 1739 982 1821 apostata,
997 1739 1032 1802 et
1047 1733 1179 1800 demum
1197 1736 1303 1821 impe-

271 1846 378 1908 rator.
808 1863 810 1867 ⁴

316 1948 391 2015 Hiis
405 1947 623 2035 temporibuS,
639 1952 776 2015 sanctus
801 1947 977 2012 Ursicinus
992 1947 1218 2014 Sunonensem
1244 1947 1307 2014 Ec-

273 2056 408 2121 clesiam
425 2054 646 2143 gubernabat.
664 2055 727 2119 Hic
744 2074 811 2119 non
824 2053 906 2122 facit
921 2055 1125 2121 mentionem
1139 2053 1181 2120 de
1198 2055 1307 2121 Fran·

273 2163 334 2241 cis,
351 2163 431 2248 quia
442 2161 634 2229 inordinate
647 2161 848 2248 regnabant.

328 2393 445 2434 amarus
461 2392 614 2443 malumne,
629 2384 791 2431 stromate
805 2391 1031 2433 anonimlscorus
1042 2389 1129 2431 NONUS
1144 2390 1259 2432 tunso

713 2498 867 2540 saumario.

309 2677 419 2746 Quarta
432 2676 529 2734 tabula
552 2677 680 2751 loquitur
701 2678 735 2735 de
750 2678 833 2736 beato
845 2678 999 2747 Ursicino;
1016 2679 1050 2735 de
1065 2678 1235 2736 fundatione
1249 2695 1311 2736 mo-

221 2779 257 2836 ‘20
274 2766 392 2822 nasterii
406 2774 573 2824 sanctorum
585 2767 719 2825 Geruasii
744 2776 773 2826 et
788 2768 942 2834 Prothasii‚
959 2769 1035 2842 quod
1047 2776 1117 2824 tunc
1131 2771 1225 2825 suncti
1240 2767 1312 2826 Iao·

273 2855 320 2911 nis
332 2854 453 2921 dicitur,
469 2854 504 2911 de
518 2855 603 2912 exilio
623 2865 791 2913 sanctorum
804 2856 933 2912 Ursicini
947 2864 976 2912 et
991 2856 1091 2913 Hilarii
1104 2864 1133 2914 et
1146 2856 1312 2915 dereuooa·

274 2943 351 3000 tione
368 2944 506 3016 ipsorum,
528 2951 557 3000 et
571 2945 733 3018 receptione
747 2945 872 3001 Senonis
888 2964 895 3011 ;
917 2943 952 3001 de
965 2945 1106 3019 reliquiis,
1123 2961 1313 3018 quassatum

274 3033 437 3106 apportauit
451 3033 553 3089 beatus
564 3031 718 3089 Ursicinus
740 3033 776 3089 ab
791 3031 995 3100 lherosolima;
1010 3033 1045 3090 de
1059 3034 1208 3106 sepultura
1222 3035 1313 3108 ipsius

275 3122 367 3179 sancti
380 3121 517 3191 Ursicini,
528 3129 556 3178 et
569 3121 604 3177 de
616 3120 806 3178 translatione
820 3123 864 3178 sui
874 3122 1001 3194 corporis
1009 3142 1016 3189 ;
1027 3121 1063 3178 de
1077 3122 1313 3180 translationibus

276 3216 441 3266 sanctorum
456 3209 571 3278 Leonis,
583 3209 741 3278 Ambrosii,
758 3211 864 3282 Agritii
874 3216 903 3266 et
913 3217 1080 3265 sanctorum
1092 3207 1313 3275 Innocentium

276 3297 312 3354 de
319 3298 445 3354 romanis
460 3297 644 3372 pontificibus
656 3305 686 3354 et
706 3298 926 3370 imperatoribus
941 3298 986 3354 sui
998 3298 1145 3371 temporis,
1158 3306 1188 3354 et
1199 3297 1235 3355 d'e
1250 3298 1314 3373 qui·

276 3385 399 3444 busdam
414 3405 470 3461 que
483 3405 535 3444 suo
550 3396 679 3461 tempore
693 3394 864 3444 euenerunt.

322 3681 421 3747 Anno
436 3679 477 3746 ab
492 3681 663 3746 creatione
680 3679 796 3745 mundi
818 3681 996 3766 quinquies
1015 3679 1194 3745 millesimo
1216 3679 1315 3764 quin·

279 3788 465 3876 gentesimo
485 3786 613 3853 decimo
636 3791 671 3854 et
694 3805 794 3863 nono,
813 3786 855 3852 ab
879 3785 1101 3853 inundatione
1120 3780 1240 3847 diluuii
1262 3785 1316 3849 ter

228 3908 261 3967 30
279 3893 457 3958 millesimo
471 3891 700 3958 ducentesimo
715 3893 964 3979 septuagesimo
977 3895 1011 3957 et
1021 3889 1175 3975 septimo,
1194 3907 1214 3953 a
1229 3888 1317 3955 nati·

277 4001 384 4068 uitato
392 3997 768 4065 Abrahebismillesimo
777 3994 1195 4065 trecentesimotricesimo
1203 3996 1313 4070 sexto,

279 4107 321 4174 ab
331 4106 425 4173 exitu
436 4102 581 4171 illiorum
592 4103 699 4170 Israel
714 4102 755 4170 de
768 4104 900 4191 Egypto
913 4103 1092 4171 millesimo
1104 4100 1317 4192 octingente-
