2918 5046
698 490 734 503 -
753 462 861 520 594-

260 594 429 680 llpulliam
442 612 518 660 oum
532 610 655 679 magno
671 590 835 669 exercitu,
852 594 974 679 etpost
989 590 1152 679 Nepolini
1162 590 1304 663 moritur

261 706 297 767 et
312 700 487 786 sepelitur,
513 720 603 765 anno
618 698 750 764 Domini
771 697 951 765 millesimo
969 698 1205 767 ducentesimo
1224 718 1307 785 qna·

263 806 454 893 dragesimo
470 811 601 873 octavo.

306 912 430 979 Eodem
460 932 559 995 anno,
584 912 788 988 LudouicuS,
811 931 873 977 rex
893 911 1045 989 Frantie,
1065 908 1306 979 transfretanit

262 1022 353 1087 ultra
375 1038 479 1083 mare.
500 1018 627 1084 Habuit
649 1018 752 1085 letum
776 1019 990 1105 principium,
1013 1016 1073 1085 sed
1084 1020 1224 1087 tristem
1238 1038 1307 1085 me·

262 1128 365 1193 dium.
395 1124 550 1192 Habebat
563 1123 650 1191 idem
668 1146 730 1191 rex
746 1130 818 1192 tres
841 1126 978 1205 tratres,
999 1126 1256 1193 illustrissimos
1274 1130 1307 1193 et

260 1238 385 1303 milites
402 1240 559 1300 strenuos
576 1232 725 1318 equibus
746 1254 845 1309 unus,
869 1234 926 1319 qui
940 1232 1130 1299 uocabatur
1146 1232 1304 1309 Karolns,

261 1343 325 1409 suit
340 1362 473 1421 secum;
493 1347 528 1409 et
543 1342 663 1427 reliqui
679 1340 756 1417 duo,
778 1340 984 1427 Amphulsus
1002 1339 1164 1407 videlieet
1189 1346 1226 1407 et
1241 1340 1308 1407 Ro-

260 1449 387 1533 bertus,
411 1471 485 1517 cum
503 1458 612 1515 matre
634 1468 695 1513 sua
722 1448 884 1525 Blancha,
904 1468 1045 1535 regnum
1070 1454 1106 1515 et
1120 1446 1209 1515 duos
1223 1444 1307 1513 lllios

208 1545 241 1602 ¹⁰
260 1561 351 1647 regis
373 1578 416 1624 en
431 1556 501 1623 filia
513 1558 646 1624 comit-is
665 1557 852 1633 Prouintie,
870 1556 1078 1621 Ludouieum
1101 1553 1266 1623 uidelicet
1277 1558 1310 1621 et

260 1666 466 1752 Philippum,
490 1662 737 1729 custodiebant.
763 1664 807 1729 Et
829 1682 890 1728 rex
913 1682 1025 1728 secum
1046 1661 1149 1730 (luxit
1170 1678 1308 1729 uxorem

259 1771 397 1849 dietam,
414 1772 518 1838 filiam
537 1772 670 1837 comitis
686 1771 874 1847 Prouintie,
902 1770 1137 1857 Margaretam
1161 1770 1306 1845 nomine,

261 1902 360 1966 quam
373 1880 515 1947 multum
529 1879 703 1965 diligebat.
716 1880 787 1953 Qus
800 1880 996 1967 ltlargareta
1006 1878 1128 1965 regina
1137 1876 1226 1945 duas
1240 1892 1310 1967 ger·

260 2009 379 2053 manas
397 1986 556 2063 habebat,
575 2007 594 2050 e
612 1986 732 2072 quibus
755 2006 857 2051 unam
870 1984 1015 2051 habebat
1032 2004 1095 2051 rex
1118 1986 1259 2075 Anglie,
1275 1990 1307 2051 et

259 2093 400 2159 alteram
422 2094 583 2169 Karolus,
612 2094 721 2159 frater
750 2094 842 2179 regis
871 2094 1023 2170 Frentie,
1055 2112 1171 2161 comes
1194 2092 1307 2161 Ando-

260 2202 430 2284 gauensis.
444 2202 486 2267 Et
503 2200 621 2266 habuit
639 2200 706 2265 ista
721 2199 840 2265 Karoli
852 2219 938 2265 uxor
950 2197 1194 2279 hereditatem,
1210 2200 1307 2269 eomi-

264 2310 373 2375 tatum
393 2308 551 2374 uidelicet
564 2308 751 2372 Prouintie.

303 2530 402 2593 Anno
429 2526 562 2591 Domini
588 2525 766 2591 millesimo
784 2524 1014 2593 ducentesimo
1045 2524 1305 2615 quadragesimo

259 2655 360 2711 nono,
378 2632 582 2709 Ludouicus,
601 2652 662 2697 rex
685 2634 904 2711 Francorum,
921 2638 956 2699 et
971 2634 1095 2699 Franci
1108 2634 1152 2701 ad
1169 2632 1214 2701 ad
1228 2652 1305 2723 por-

206 2721 241 2777 ‘·'⁰
260 2746 332 2807 tum
350 2740 502 2805 Damiete
525 2740 789 2825 nauigauerunt‚
807 2740 861 2805 die
885 2742 972 2807 iouis
993 2746 1071 2829 post
1096 2742 1305 2811 Pentheeos-

257 2856 338 2914 tem.
370 2846 429 2911 llie
447 2865 528 2910 uero
551 2848 695 2928 veneris,
720 2866 795 2911 eum
822 2850 940 2917 Ture-is
964 2848 1223 2937 preliauorunt;
1253 2848 1305 2943 (lio

259 2956 390 3022 sabbati
406 2956 561 3041 sequenti
573 2962 700 3023 terram
716 2956 877 3021 tentoriis
894 2962 1228 3043 preoccupauerunt;
1253 2956 1304 3023 (lie

259 3062 425 3129 dominica
445 3062 618 3127 ciuitatem
635 3062 786 3129 Damieto
801 3064 1019 3130 intrauerunt
1034 3063 1246 3151 fugientibus
1258 3066 1305 3131 in·

256 3166 414 3232 credulis.
438 3166 523 3231 Post
540 3168 711 3252 paululum
729 3168 920 3235 Lulouicus
942 3190 1015 3249 rex,
1039 3170 1169 3237 amissa
1182 3190 1304 3261 magua

258 3278 355 3357 parte
370 3272 412 3337 de
425 3273 495 3337 suis
510 3280 546 3337 et
558 3273 710 3351 ciuitate,
724 3282 843 3362 captus
856 3277 940 3355 luit;
956 3278 1014 3345 sed
1027 3286 1145 3365 postea
1157 3278 1304 3369 redemp-

256 3382 349 3447 tione
364 3382 551 3467 eomposita
567 3401 626 3465 per
641 3383 700 3448 Dei
715 3386 861 3471 gratiam
886 3388 1079 3455 restitutus.

302 3489 364 3554 Illo
378 3496 540 3575 tempore,
557 3494 723 3557 natusest
738 3494 810 3577 regi
826 3514 868 3557 ex
882 3512 987 3559 uxore
1002 3514 1077 3571 sua,
1091 3494 1300 3583 Margarota.

259 3596 347 3661 filius
358 3597 492 3661 nomine
505 3596 686 3673 lohannes,
699 3600 957 3685 cognominatus
968 3600 1163 3681 Tristanus,
1177 3604 1260 3689 quia
1269 3602 1301 3667 in

257 3704 403 3769 tristitia
419 3714 531 3769 natus.

205 3810 240 3869 30
301 3814 400 3877 Anno
424 3814 555 3877 Domini
580 3814 856 3897 quinquagesimo
877 3818 998 3903 primo,
1027 3817 1164 3905 quidam
1186 3820 1303 3909 nigro-

258 3922 401 3987 maticus
419 3940 560 4005 surgons
576 3940 635 4005 per
649 3920 789 3997 Gallias,
808 3924 974 3988 circuiens
989 3925 1132 3991 multum
1145 3926 1301 4015 populum

260 4050 370 4093 sorum
388 4027 542 4103 (lucebat,
558 4026 672 4091 ‹licens
690 4050 725 4093 se
741 4050 815 4093 osse
832 4052 874 4095 ox
891 4040 987 4117 parte
1003 4032 1083 4109 llei;
1107 4032 1167 4099 sed
1181 4036 1303 4125 turpis·

260 4138 379 4201 simam
390 4137 493 4203 uitam
501 4134 1302 4226 (lucensesapientibusblasphemabatur,stab
