2970 5430
702 488 862 547 -186-

194 692 197 703 .
267 614 494 703 quadraginta
528 614 691 682 librarum
720 616 890 685 ualentem
931 617 1139 703 relinquens,
1181 616 1302 687 ibidem

267 723 418 810 sepultus
433 728 497 790 est.

310 829 528 917 Temporibus
550 831 650 897 istius
666 831 856 910 Hormisde,
881 835 1019 898 sanctus
1031 831 1186 898 Eraclius
1202 832 1238 899 11
1250 850 1305 900 re-

268 935 367 1026 gebat
382 938 557 1004 ecclesiam
578 936 822 1016 senonensem
841 938 898 1004 sed
919 958 1009 1003 nunc
1030 936 1072 1004 de
1088 936 1306 1025 predecesso-

267 1045 361 1113 ribus
387 1045 478 1131 loqui
506 1043 621 1121 debeo,
637 1049 671 1110 et
684 1043 724 1110 de
750 1045 823 1130 ipsc
841 1045 960 1131 loquar
974 1064 1034 1110 suo
1049 1043 1169 1110 ordine
1186 1042 1305 1112 subse·

268 1157 409 1240 quanter
424 1175 432 1230 ;
449 1157 564 1218 tamen
579 1171 753 1217 numerum
783 1152 1025 1237 imperatorum
1040 1151 1118 1218 uolo
1138 1150 1308 1240 complere

268 1257 430 1344 usquead
448 1263 581 1346 tempus
595 1259 769 1324 Anastasii
793 1259 1021 1345 imperatorie.

559 1579 579 1647 1
581 1591 689 1648 terum
705 1582 746 1648 de
758 1581 1024 1668 imperatoribus.

315 1795 399 1862 Post
411 1793 633 1862 Theodosium
647 1795 841 1874 seeundum,
858 1797 913 1882 qui
932 1796 974 1863 ad
987 1797 1097 1865 instar
1108 1796 1314 1877 Alexandri,

221 1918 254 1974 10
273 1904 380 1970 noluit
396 1901 509 1969 bibere
522 1924 642 1990 aquam
657 1905 718 1969 sibi
735 1910 964 1991 presentatum
977 1904 1010 1970 in
1029 1904 1181 1972 exercitu
1196 1924 1317 1994 aquo·

272 2011 348 2079 dam
363 2011 706 2100 rnilite,temporoque
721 2013 828 2089 cuius,
847 2016 985 2078 sanctus
997 2009 1188 2077 Germanus
1199 2009 1317 2080 Antis·

272 2119 490 2196 modenensis,
524 2119 757 2204 Iohannesque
791 2117 987 2194 Cassianus,
1023 2115 1079 2201 qui
1112 2114 1315 2185 collationes

271 2225 620 2312 primumcomposuit,
639 2222 839 2291 floruerunt.

318 2330 381 2397 lllo
395 2335 547 2416 tempore
562 2330 647 2399 obiit
661 2337 799 2398 sanctus
812 2331 1036 2417 Augustinus.

318 2436 382 2502 lllo
397 2442 561 2524 ternpore,
581 2444 672 2505 terre
694 2444 805 2507 motus
828 2437 938 2506 factus
957 2442 1009 2506 est
1023 2437 1315 2526 Constantinopo-

273 2543 331 2609 lim
347 2565 354 2622 ;
374 2543 529 2630 episcopo
545 2565 624 2610 vero
641 2548 676 2612 et
691 2546 823 2612 clericis
835 2542 1082 2612 clamantibus:
1101 2542 1218 2628 Apios,
1230 2550 1313 2624 eto..

274 2651 433 2717 cessauit.

318 2756 394 2822 Hiis
406 2755 630 2844 temporibus,
645 2755 765 2823 demon
782 2755 842 2823 sub
856 2757 966 2844 speeie
981 2758 1093 2844 Moysi
1110 2756 1244 2845 decepit
1256 2757 1315 2825 Iu·

274 2862 375 2942 de0s;
409 2883 467 2930 eos
488 2863 613 2930 ducens
632 2855 674 2930 ad
701 2884 806 2942 mare,
832 2863 951 2933 diuisit
972 2866 1022 2931 eis
1043 2882 1137 2931 mare
1171 2864 1312 2932 dicens:

219 2975 255 3032 20
277 2999 292 3026 a
309 2971 431 3038 Venite
447 2971 624 3039 interram
643 2971 888 3058 promissionis.
909 3000 924 3028 υ
938 2971 1001 3046 Qui
1025 2971 1195 3040 intrantes
1210 2972 1318 3060 perie-

276 3083 357 3144 runt
379 3077 465 3143 mari
480 3082 516 3145 et
536 3079 593 3165 qui
608 3082 844 3145 remanserant
862 3077 1024 3163 baptizati
1043 3083 1133 3144 sumt.

322 3295 385 3361 Illo
400 3300 550 3382 tempore
565 3296 745 3382 imperauit
774 3294 993 3360 Theodosius.

571 3510 758 3596 Deceptam
773 3509 1023 3577 demerentibus.

320 3727 452 3815 Septem
472 3726 677 3793 dormientes
694 3724 755 3792 sub
770 3726 866 3791 lletio
881 3725 1098 3790 intrauerunt
1122 3722 1318 3809 speluncam

275 3834 427 3901 volentes
448 3832 558 3900 adhuc
581 3833 754 3919 xpistiana
782 3832 946 3918 religione
978 3828 1163 3918 proficere;
1196 3830 1319 3897 Decius

276 3942 468 4028 speluncam
493 3938 675 4016 obstruxit,
693 3944 728 4006 et
746 3940 794 4004 sic
809 3937 855 4004 ibi
871 3935 1135 4004 obdormierunt.
1154 3936 1321 4025 Tempore

276 4044 468 4122 Theodosii,
498 4065 519 4110 a
550 4065 688 4131 sompno
714 4064 778 4130 quo
794 4045 956 4112 trecentis
970 4044 1069 4111 annis
1092 4043 1321 4119 dormierant,

275 4154 496 4243 corporaliter
508 4156 742 4229 surrexerunt,
757 4147 1322 4239 etTheodosioimperatorietmul·
