2970 5430
1115 39 1154 433 t

266 596 391 658 ratum.
408 590 473 657 Hie
487 590 590 657 etiem
598 608 713 676 regem
728 588 843 657 Sicilie
857 590 1020 657 auioaria
1034 456 1315 777 Τυοίἓιήι,

267 703 302 764 et
319 702 425 764 semet
437 699 548 785 ipsum
561 698 642 784 eligi
657 698 692 762 in
709 700 902 763 senatorem
919 696 1142 784 procuranit.

1173 812 1180 849 t

312 911 411 979 Anno
422 914 555 979 Domini
570 911 750 978 millesimo
766 909 998 979 ducentesimo
1012 910 1322 999 ooeogeeinooent

268 1019 303 1083 in
330 1020 475 1085 Suriano
501 1024 615 1087 castro
640 1018 718 1085 Kal.
750 1017 963 1105 septembris.
988 1016 1157 1087 cessauit
1176 1020 1324 1107 &opim-

269 1130 369 1212 patus
392 1128 539 1213 quinque
564 1125 750 1203 mensibus,
777 1125 895 1193 diebus
910 1126 1041 1214 vigenti
1063 1124 1228 1193 duobus.¹
1245 1126 1323 1197 ΡΜ

270 1236 412 1299 mortem
441 1233 554 1310 istius,
579 1230 847 1299 Hambaldenses
881 1230 1076 1299 diuiserunt
1118 1232 1274 1303 Ursino·
1292 1236 1327 1301 e

270 1337 463 1405 habuerunt
482 1338 628 1403 diuisum
648 1337 833 1404 dominium
862 1338 1040 1426 regimine,
1069 1338 1193 1407 multa
1218 1338 1327 1407 homi-

271 1448 360 1515 eidia
372 1447 545 1533 multoque
565 1447 655 1513 mala
674 1446 767 1515 facta
783 1452 870 1527 sunt,
893 1453 929 1517 et
945 1448 1052 1517 multe
1071 1448 1325 1517 dissensiones.

273 1551 571 1638 Uiterbiensesque
606 1558 826 1621 remouernnt
859 1553 1033 1621 dominum
1062 1554 1201 1623 Ursum
1222 1574 1251 1623 a·
1269 1574 1326 1623 ιιι

221 1671 252 1727 ιο
272 1660 472 1747 potesturia.
497 1658 624 1725 Deinde
645 1678 763 1745 porum
778 1664 856 1747 post
876 1680 898 1726 a
914 1660 1089 1739 Bertoldo,
1107 1658 1228 1729 fratre
1246 1660 1324 1729 dieti

273 1766 365 1844 Ursi,
385 1766 533 1852 turpiter
547 1764 673 1833 deuioti
692 1773 773 1834 sunt
799 1767 864 1854 ipsi
880 1766 1324 1847 monumemtum

272 1874 355 1959 ipsis
369 1872 593 1961 fugientibus,
611 1874 709 1943 multi
724 1874 849 1962 gladiis
860 1874 1048 1961 perierunt.

317 2100 416 2165 Anno
456 2099 589 2165 Domini
633 2099 813 2166 millesimo
854 2097 1088 2166 ducentesimo
1114 2100 1323 2187 octogesimo

273 2208 394 2295 primo,
428 2208 464 2273 in
500 2206 556 2272 die
594 2206 764 2273 Cathedro
800 2206 893 2273 boati
920 2204 1029 2285 Petri,
1056 2206 1240 2275 Martinus
1264 2206 1320 2275 w.

316 2314 487 2381 Martinus
510 2314 571 2391 IV,
587 2313 725 2378 natione
752 2312 915 2391 Gallicus,
937 2310 980 2379 de
997 2312 1264 2403 Monte-Pigooi
1288 2312 1321 2379 in

273 2421 363 2501 Bria,
378 2420 518 2507 eligitur
529 2417 672 2485 Uiterbii
687 2420 721 2482 in
729 2437 863 2505 papam.
875 2420 1034 2487 Isteante
1044 2424 1214 2507 papatum
1229 2440 1323 2489 noea

272 2526 372 2592 batur
395 2525 534 2610 Symon,
551 2524 644 2591 tituli
654 2524 914 2591 Sanotetieeilie
928 2524 1111 2613 presbyter
1119 2526 1321 2595 cardinatis.

271 2634 361 2699 Ante
383 2631 497 2697 suerat
519 2632 757 2698 thesaurarius
781 2632 1054 2701 Sancti-Martini
1081 2634 1321 2715 'l‘oronenoin

272 2748 347 2809 orat
359 2760 440 2807 uero
452 2740 493 2807 de
510 2740 652 2806 oonsilio
663 2742 755 2829 regis
767 2742 995 2821 Francorum
1014 2742 1204 2829 etquidem
1212 2744 1324 2813 irater

219 2848 254 2904 ‘20
273 2869 366 2926 suus,
387 2847 495 2925 miles,
515 2848 572 2934 qui
590 2846 746 2913 dominus
761 2847 1020 2915 Guillermnsde
1035 2848 1163 2917 Brinno
1175 2850 1323 2919 uocaba-

272 2962 340 3023 tur.
360 2952 526 3020 Defuncto
538 2953 736 3032 Gudlermo,
753 2955 842 3021 aiter
857 2952 967 3022 freter
980 2956 1155 3025 sunsGiio
1186 2958 1322 3025 nomine

273 3060 313 3127 de
338 3062 462 3127 Brione
488 3062 585 3127 miles
611 3058 677 3128 init
704 3059 746 3127 de
775 3062 916 3127 oonsilio
939 3062 1032 3150 regis
1059 3060 1221 3149 predicti.
1253 3064 1322 3133 nu

273 3168 456 3245 Martinus,
474 3168 530 3255 qui
545 3168 672 3253 Symon
687 3168 874 3235 uocabatur
892 3174 974 3235 ante
991 3174 1169 3257 paputnm,
1187 3168 1321 3259 iegntnfl

275 3274 340 3341 suit
356 3275 391 3339 in
409 3275 552 3341 Frentia
565 3280 600 3342 et
612 3276 679 3341 duo
694 3276 837 3341 coneilio
846 3274 1052 3355 celebrauit;
1075 3294 1138 3363 per
1148 3274 1321 3343 dominu

276 3380 449 3446 Urbanum
479 3380 527 3447 IV
552 3381 737 3447 cardinatis
769 3378 927 3456 efficitur,
952 3385 988 3449 et
1016 3400 1078 3468 per
1103 3380 1264 3449 eumdem
1287 3382 1320 3451 in

275 3486 453 3553 Frentiam
468 3487 618 3557 mittitur
633 3488 755 3573 primo,
773 3493 809 3555 et
824 3484 971 3553 secundo
985 3506 1047 3575 por
1059 3485 1318 3575 GregorinmX.

275 3595 339 3658 Hie
359 3613 478 3679 parum
503 3601 580 3682 post
605 3615 701 3663 suum
718 3596 978 3684 promotionem,
1003 3614 1026 3661 a
1040 3592 1321 3663 Diterbiodisoe·

275 3701 370 3778 dens,
399 3700 443 3765 ad
470 3701 593 3768 Urbem
621 3708 771 3770 ueterem
793 3702 901 3781 uenit,
931 3706 968 3769 et
990 3700 1038 3767 ibi
1060 3705 1264 3783 eoronam,
1287 3706 1321 3769 ot

275 3811 505 3885 consec-ratur,
520 3807 650 3873 decimo
661 3807 827 3875 kalendas
842 3806 974 3894 aprilis.

222 3930 255 3986 30
319 3913 419 3979 Anno
465 3915 599 3979 Domini
636 3914 816 3980 millesimo
852 3912 1085 3981 ducentesimo
1111 3912 1321 4003 octogesimo

275 4020 396 4104 primo,
431 4021 516 4089 obiit
544 4022 649 4089 abbas
676 4020 861 4089 Gautridns
887 4020 1232 4099 Sancti-Petri·Uini,
1267 4018 1321 4109 qni

275 4130 519 4196 monasterium
533 4148 630 4196 suum
648 4130 841 4209 renouauit,
851 4134 887 4198 et
909 4128 981 4196 fere
997 4146 1116 4195 ornnes
1135 4124 1260 4197 domos
1272 4126 1322 4195 ni
