2918 5046
705 460 740 473 -
759 436 865 491 596-

264 557 501 645 insipientibus
517 558 762 627 honorabatur.
777 559 832 625 lili
845 578 975 647 quoque
985 580 1061 627 aum
1073 558 1311 647 sequebantur,

263 664 425 731 Pastores
439 665 660 733 uocabantur.
679 664 775 732 Unde
786 686 922 733 versus:

371 863 412 918 M.
427 864 517 921 semul
534 864 621 922 ethis
635 866 657 921 C
671 863 759 921 simul
771 863 803 919 L.
821 862 844 920 1.
861 866 981 937 iungere
995 863 1085 933 duce,

371 952 461 1010 Duxit
477 952 629 1011 Pastorum
645 970 715 1009 seua
726 953 841 1010 medela
853 954 984 1011 chorum.

305 1208 443 1275 Dicebat
459 1210 545 1296 quod
561 1213 652 1297 ipsos
667 1213 804 1281 uolebat
813 1213 935 1280 ducere
944 1214 979 1279 in
994 1213 1185 1281 subsidium
1196 1216 1312 1283 Terre·

263 1315 397 1394 Sancte,
436 1318 494 1382 sed
526 1325 684 1406 percepta
715 1327 749 1387 et
780 1321 916 1407 cognita
959 1320 1093 1389 malitia
1122 1322 1246 1409 ipsius,
1277 1324 1309 1389 in

260 1424 432 1508 prouintia
449 1426 611 1510 Byturiea
623 1427 809 1507 occiditur;
827 1435 862 1495 et
874 1430 923 1495 sic
937 1448 1073 1495 seuaaes
1088 1430 1142 1493 sui
1160 1428 1310 1495 reiitiun·

261 1534 319 1594 tur
334 1528 528 1616 stupefacti,
546 1530 774 1621 dedecureque
784 1534 929 1602 confusi.

306 1748 369 1813 lile
388 1754 551 1832 tempure,
574 1748 730 1815 dominus
748 1750 825 1815 Gilu
848 1748 1019 1817 dedicauit
1033 1748 1200 1817 eeclesias
1226 1750 1308 1817 Fru-

211 1847 242 1903 ¹⁰
261 1854 620 1921 irum-Predicatorum
637 1864 672 1924 et
685 1858 1047 1924 l·'ratrum-Min0rum.

306 1961 369 2026 Illu
388 1969 551 2048 ternpore,
581 1964 772 2029 Ludouicus
800 1984 861 2029 rex
886 1966 921 2029 in
945 1964 1123 2031 Frentium
1151 1984 1305 2033 reuersus

261 2076 326 2136 est.

304 2178 402 2242 Anno
421 2178 553 2243 Domini
571 2178 749 2244 millesimo
767 2178 997 2245 ducentesimo
1012 2178 1302 2265 quinquagesimo,

262 2285 439 2366 Henriaus,
456 2306 517 2351 reu
533 2287 707 2364 Daturum,
723 2305 783 2372 per
792 2284 889 2364 Abel,
901 2285 1043 2351 fratrem
1054 2304 1167 2363 suum,
1179 2284 1304 2351 inmari

260 2390 456 2468 suffocatur,
476 2398 513 2459 ut
530 2393 622 2459 sulus
639 2399 810 2480 regnaret.
831 2392 927 2469 Quod
943 2390 1006 2457 sibi
1029 2412 1150 2480 parum
1177 2390 1302 2469 valuit3

261 2518 338 2563 narn
354 2501 505 2583 sequenti
526 2520 628 2578 anno,
654 2522 675 2565 a
696 2500 894 2566 Frisonibus
915 2498 1094 2575 occiditur,
1121 2517 1214 2565 anno
1241 2498 1304 2565 Du-

260 2606 342 2670 mini
355 2606 533 2672 millesimo
555 2606 784 2674 ducentesimo
805 2606 1084 2693 quinquagesimo
1097 2606 1222 2693 primo.

304 2711 498 2778 Alexander
524 2714 584 2791 IV,
608 2714 810 2801 Campanus.
831 2752 875 2766 -
898 2713 992 2782 Sedit
1026 2716 1128 2781 annis
1153 2720 1300 2803 septem

260 2820 408 2886 cessauit
421 2820 591 2887 mensibus
605 2822 728 2902 tribus,
751 2823 868 2889 diebus
883 2828 1039 2909 quatuor.

206 2914 241 2971 9⁰
304 2926 367 2991 Ilio
379 2933 543 3013 ternpore,
560 2928 749 2995 Corrardus
762 2950 837 3007 rex,
851 2928 942 2994 fliius
960 2928 1145 3007 Frederiui,
1173 2934 1303 2997 mortno

258 3044 367 3121 patre,
385 3042 421 3103 ut
438 3058 578 3123 regnum
592 3036 704 3102 Sicilie
720 3040 917 3124 susciperet,
940 3058 999 3125 per
1022 3038 1170 3103 marein
1190 3040 1303 3125 Appu-

257 3144 337 3209 liarn
353 3144 501 3223 deuenit,
515 3152 550 3213 et
567 3152 666 3231 capta
682 3146 870 3232 Neapolim,
889 3165 1004 3211 rnuros
1015 3144 1199 3215 destruxit.
1215 3146 1304 3213 Uxo-

258 3270 328 3315 rem
341 3249 487 3319 habebut
501 3254 535 3317 in
546 3252 724 3318 :tlemania
738 3262 773 3319 et
783 3252 888 3317 filium
901 3248 1298 3327 numine00rrardinum,

258 3357 377 3441 quibus
390 3360 422 3424 in
440 3359 546 3426 inulta
561 3360 705 3427 tristitia
718 3360 847 3426 relictis
865 3360 898 3424 in
916 3358 1074 3447 Appulia,
1092 3358 1204 3444 primo
1215 3374 1301 3425 annu

260 3466 310 3528 sui
325 3466 497 3545 introitus,
514 3487 646 3534 ueneno
662 3466 757 3533 obiit.

303 3685 366 3751 Illo
387 3695 548 3772 tempure,
566 3688 777 3764 ilunsrerlus,
798 3706 919 3773 gerens
939 3704 999 3772 pro
1021 3682 1198 3771 pedagogo
1221 3682 1300 3751 cor·

258 3796 400 3869 nardini,
428 3796 486 3860 filii
508 3796 667 3863 (ferrandi
695 3798 799 3883 rugis.
832 3794 932 3861 finxit
961 3790 1175 3859 mendaciter
1195 3790 1299 3880 ipsun
1364 3880 1368 3889 ι

256 3902 497 3969 Ὀοηιινάἰηιιιιι
511 3912 693 3981 mortuum,
711 3910 746 3971 et
760 3902 823 3968 sibi
838 3920 998 3967 coronam
1015 3896 1159 3985 aceepit,
1186 3902 1223 3965 et
1243 3914 1301 3985 ps·

256 4012 450 4076 trinronium
468 4012 577 4077 sancti
593 4012 700 4089 Petri,
720 4011 754 4075 in
779 4008 995 4097 preiuditiurn
1022 4006 1168 4073 Romani
1191 4002 1299 4093 ponti·

204 4110 239 4167 3⁰
257 4118 341 4197 ficis,
356 4118 544 4205 usurpauit.
557 4118 601 4187 Et
613 4118 687 4184 idea
699 4138 719 4183 a
729 4118 864 4185 domina
877 4134 963 4203 papa
976 4112 1299 4181 excommunicatur.
