2970 5430
706 435 864 492 ..200-

317 565 461 630 Sanctus
488 564 596 630 Felix.
626 600 670 614 -
701 564 764 639 Qui
792 564 979 630 Mercurius
1003 562 1202 639 uocabatur.
1230 564 1319 639 Post

275 671 444 736 Felicem:
469 669 678 737 Bonefatius.

318 774 516 842 Bonefatius
531 778 577 854 ΙΙ,
592 774 918 842 Romanus-Sedit
930 774 1029 839 annis
1042 770 1183 850 duobus,
1195 770 1316 839 diebus
1335 831 1341 839 .

273 881 507 967 septemdecim
523 903 531 959 ;
550 884 697 949 cessauit
718 881 834 946 diebus
853 901 924 946 sex.
943 879 1129 947 Constituit
1142 882 1183 946 ut
1199 878 1315 946 clerici

273 992 341 1055 sint
357 994 436 1055 ante
449 989 553 1055 laicos
568 990 602 1054 in
618 987 841 1054 celebratione
854 986 968 1051 misse.

317 1204 486 1271 Iohannes
509 1206 555 1283 ΙΙ,
580 1211 717 1273 sanctus
741 1203 925 1281 confessor,
952 1204 1137 1271 Romanus.
1153 1238 1198 1255 -
1220 1203 1316 1275 Sedit

273 1312 371 1375 annis
389 1310 530 1388 duobus,
548 1312 718 1378 mensibus
743 1315 888 1397 quatuor
909 1333 916 1387 ;
940 1310 1088 1376 cessauit
1104 1307 1223 1376 diebus
1237 1329 1316 1397 sep-

272 1421 353 1480 tem.
371 1418 435 1482 Hie
450 1416 648 1503 dempnauit
661 1419 886 1492 Arthemium,
919 1416 1110 1501 episcopum
1124 1416 1324 1497 arrianum„

319 1522 381 1588 Illo
395 1526 557 1608 tempore,
574 1527 710 1589 sanctus
726 1524 878 1599 Maurus,
899 1520 1082 1606 discipulus
1096 1520 1188 1589 beati
1208 1522 1316 1587 Bene-

223 1640 255 1697 10
274 1630 367 1706 dicti,
389 1627 531 1695 florebat
546 1630 580 1694 in
596 1629 728 1693 Galliis.
1260 1696 1262 1701 ,

319 1736 486 1821 Agapitus
514 1736 542 1811 Ι,
583 1736 766 1810 Romanus,
801 1738 939 1800 sanctus
963 1732 1147 1799 confessor.
1165 1732 1317 1801 -Sedit

274 1843 373 1906 annis
391 1840 556 1918 undecim,
575 1840 692 1906 diebus
714 1847 789 1906 octo
812 1847 845 1906 et
867 1840 980 1905 decem
998 1863 1005 1918 ;
1032 1841 1180 1907 cessauit
1198 1838 1315 1906 diebus

274 1948 399 2013 decem.
418 1948 481 2012 Hic
502 1949 679 2014 constituit
699 1949 930 2033 processiones
953 1946 1019 2011 diei
1041 1946 1208 2012 dominice
1226 1942 1313 2012 fleri.

275 2051 459 2120 Defunctus
476 2052 541 2119 fuit
559 2055 594 2117 in
618 2054 739 2119 itinere
763 2053 1088 2138 Constantinopolim
1111 2053 1252 2120 veniens
1273 2051 1315 2119 ad

275 2161 502 2226 Iustinianum
539 2162 788 2245 imperatorem.
830 2159 917 2223 Huic
957 2163 1095 2225 sanctus
1132 2158 1317 2245 Gregorius

275 2264 384 2330 adhuc
411 2265 543 2329 iuuenis
567 2263 748 2329 seruiebat.
777 2265 817 2328 In
833 2262 984 2347 Dyaloqc
1010 2264 1135 2350 legitur
1163 2262 1252 2349 quod
1281 2263 1317 2329 in

276 2372 396 2436 itinere
422 2369 747 2455 Constantinopolim
773 2374 902 2434 mutum
926 2375 961 2435 et
984 2367 1139 2435 claudum
1164 2368 1314 2437 sanauit.

200 2517 204 2524 -
275 2478 358 2541 Dum
376 2476 417 2540 ad
434 2476 645 2562 sepulchrum
661 2480 866 2562 portaretur,
879 2495 976 2541 cecus
992 2480 1085 2542 tacto
1100 2473 1318 2551 leretroilln·

275 2584 422 2647 minatus
438 2581 514 2648 fuit.

220 2697 255 2754 lo
317 2687 492 2764 Siluerius‚
517 2692 654 2754 sanctus
677 2687 808 2753 martir.
824 2686 983 2751 -Filius
1004 2685 1070 2753 fuit
1089 2687 1201 2754 sancti
1218 2687 1311 2754 Hor-

228 2832 232 2836 ψ
274 2791 380 2856 misde
391 2791 590 2877 pape.Sedit
601 2793 830 2868 annistribus,
845 2790 1182 2877 mensibusquinque,
1194 2791 1312 2872 diebus

275 2896 426 2962 undecim
444 2920 450 2975 ;
468 2899 671 2964 cessauit...
687 2899 750 2963 Hic
769 2900 803 2963 in
820 2897 921 2963 exilio
936 2897 978 2962 ab
993 2899 1197 2985 imperatore
1213 2901 1317 2968 inter·

276 3001 383 3070 fectus
399 3002 474 3070 fuit.
493 3003 613 3070 Adhuc
627 3003 764 3098 uiuebat
779 3005 987 3070 Priscianus.

491 3215 541 3282 De
558 3215 813 3299 imperatoribus
827 3218 914 3284 illius
930 3220 1097 3304 temporis.

320 3432 403 3497 Post
417 3432 649 3511 Anastasium
669 3433 819 3498 lustinus
829 3435 954 3511 senior,
975 3432 1316 3520 misnense-Hoc

275 3540 437 3621 tempore,
455 3536 645 3621 Antyochie
660 3535 725 3603 fuit
737 3544 829 3603 terre
847 3542 969 3603 motus.
997 3537 1122 3604 Eodem
1147 3542 1313 3626 tempore,

276 3649 394 3708 sancta
411 3641 559 3726 Brigida,
580 3643 689 3729 uirgo,
707 3643 790 3709 obiit
805 3645 839 3707 in
860 3643 1008 3710 Scothia.

320 3747 529 3812 Iustinianus
547 3748 575 3824 1,
593 3749 796 3833 xpistianus.
814 3749 981 3834 -Leges
1009 3746 1170 3821 condidit.
1206 3746 1316 3815 Velli-

275 3854 386 3917 sarius
411 3854 565 3939 princeps
592 3853 884 3920 uictoriosusfuit.
904 3853 966 3919 Illo
991 3859 1154 3939 tempore,
1176 3853 1315 3923 obsessa

223 3981 255 4037 30
274 3964 326 4031 est
340 3961 447 4025 Roma
460 3980 481 4025 a
492 3959 625 4037 Gothis,
639 3963 674 4027 et
686 3959 829 4027 liberata
843 3960 1069 4026 aVellisario.
