2970 5430
707 446 868 502 -174-

263 576 645 642 diotorumsanctorum
674 573 903 639 consessorum
928 572 1104 646 euacuato,
1131 565 1298 655 sepulture

265 682 430 747 Theodori
453 687 487 747 et
506 681 621 747 Siclini
645 681 871 767 predictorum
887 685 986 745 erant
1002 679 1130 743 honore
1154 691 1299 761 congruo

264 789 426 854 destitute
439 811 446 866 ;
465 809 530 873 qua
547 791 678 854 ratione
690 790 781 875 pium
797 794 849 853 est
865 787 1001 853 credere
1014 781 1205 850 huiusmodi
1218 782 1301 846 isto·

264 917 337 961 rum
355 897 495 962 duorum
507 896 796 980 translatio[nem]
825 897 873 960 sic
887 887 1017 983 [fuisse.

425 1362 542 1401 SANCTUS
556 1361 720 1412 strumosum,
734 1361 895 1400 senonensis
910 1358 1147 1399 nnuulurlsuouuu

303 1557 432 1629 Septima
444 1556 543 1611 tabula
554 1555 683 1628 loquitur
695 1555 729 1611 de
743 1564 842 1611 sancto
854 1555 1018 1611 Ambrosio.
1035 1554 1159 1611 Prescns
1172 1554 1269 1611 tabula
1279 1563 1303 1610 et

267 1645 422 1717 precedens
435 1656 463 1701 et
473 1661 599 1718 sequens
612 1661 672 1700 non
687 1644 847 1717 loquuntur
859 1644 893 1699 de
907 1644 1034 1700 romanis
1046 1644 1243 1716 pontificibus,
1256 1660 1303 1700 ne·

268 1751 324 1806 que
338 1733 373 1789 dc
391 1734 623 1806 imperatoribus
638 1749 733 1804 neque
746 1734 832 1789 etiam
844 1733 878 1788 de
889 1733 974 1788 annis
988 1731 1202 1789 Incarnationis
1216 1731 1304 1788 domi·

267 1820 342 1888 nice,
356 1836 423 1873 nam
437 1821 551 1875 cronice
579 1838 639 1876 non
652 1822 725 1877 hene
751 1821 927 1877 concordant
947 1838 1035 1893 super
1060 1821 1126 1890 hiis,
1150 1831 1181 1877 et
1203 1823 1306 1894 scripta

218 1915 249 1970 10
267 1926 327 1965 non
349 1909 552 1965 concordantia
579 1911 772 1981 ignorantiam
798 1920 945 1981 generant.
970 1911 1081 1968 Verum
1102 1911 1176 1967 mihi
1197 1910 1307 1968 uidetur

267 1999 308 2053 sic
323 1999 444 2054 transire
456 1997 560 2055 melius
574 2017 660 2071 quam
674 2000 798 2056 mentiri.

315 2221 439 2284 Beatus
451 2216 649 2282 Ambrosius
662 2222 781 2283 contra
794 2219 949 2284 arrianos
963 2218 1098 2286 fortiter
1115 2219 1306 2307 predicans,

270 2332 303 2392 et
319 2327 498 2393 ueritatem
515 2324 658 2390 tirmiter
673 2346 841 2405 asserens,
854 2326 992 2412 populos
1010 2326 1183 2395 edocebat.
1200 2329 1309 2415 ipsius

269 2435 341 2499 uita
360 2432 544 2498 uirtutibus
566 2431 758 2517 effulgebat.
782 2434 821 2497 In
842 2435 940 2498 nonis
965 2432 1164 2520 septembris
1182 2435 1310 2522 migra-

270 2541 320 2605 uit
335 2559 355 2602 a
371 2539 494 2616 seculo,
512 2540 630 2602 uiuens
646 2540 680 2602 in
697 2540 836 2624 Xpisto;
857 2539 1008 2625 sepultus
1025 2539 1089 2605 suit
1104 2541 1139 2603 in
1168 2539 1311 2606 ecclesia

203 2655 204 2658 ’
269 2644 358 2710 beati
383 2646 518 2721 Leonis,
542 2644 598 2708 ubi
617 2664 677 2729 per
694 2645 869 2709 bominum
885 2646 1057 2711 miraculis
1078 2645 1307 2722 choruscauit‚

270 2773 309 2818 ao
325 2753 444 2817 deinde
459 2773 519 2838 per
534 2751 759 2816 uenerabilem
776 2752 990 2837 Ansegisum,
1008 2751 1236 2817 Senonensem
1254 2770 1310 2816 ar-

270 2860 528 2946 chiepiscopum,
555 2859 589 2922 in
611 2860 851 2924 monasterium
875 2859 1217 2937 Sancti-Petri·Uiui‚
1237 2879 1309 2925 cum

270 2972 346 3036 aliis
361 2971 471 3036 tribus
491 2990 611 3055 corpus
627 2970 731 3054 ipsius
746 2970 950 3035 translatum
966 2967 1043 3048 fuit,
1060 2977 1094 3036 et
1106 2968 1229 3035 ibidem
1249 2969 1310 3036 ho-

218 3094 253 3150 ‘20
271 3081 408 3149 norifice
424 3085 657 3146 conseruatur.

445 3427 561 3468 SANCTUS
574 3426 710 3479 montaluo,
724 3425 885 3470 Sunonensis
898 3426 1134 3468 nncntuerscouus.

307 3610 416 3667 Octaua
432 3607 529 3664 tabula
541 3605 670 3679 loquitur
684 3603 718 3662 de
734 3614 832 3662 sanctu
848 3605 970 3676 Agritio,
985 3603 1311 3678 Senononsiarchiepis·

274 3717 355 3773 eope.

317 3902 441 3967 Beatus
464 3899 630 3986 Agritius‚
657 3897 830 3963 confessor
851 3896 996 3974 Domini,
1016 3896 1184 3987 gloriosus
1206 3895 1313 3962 Seno·

271 4008 387 4073 nensis
410 4005 474 4072 fuit
497 4006 780 4097 archiepiscopus.
798 4004 861 4068 Vir
880 4003 1128 4089 preclarissime
1146 4004 1314 4070 sanctita·

270 4115 328 4194 tis,
344 4113 459 4181 multis
472 4112 655 4180 uirtutibus
670 4110 894 4199 prefulgebat.
910 4111 1027 4179 Idibus
1038 4111 1134 4191 iunii,
1149 4112 1314 4200 migrauit
