2918 5046
704 412 859 471 -504-

264 541 428 627 magister
444 540 478 605 in
494 539 646 607 scientiis
668 538 734 607 luit
756 538 1003 607 famosissimus
1023 544 1059 607 et
1074 538 1226 609 moribus
1238 542 1296 611 clu·

264 648 420 713 rissimus
457 652 492 713 et
517 647 693 713 honestus.
725 647 920 733 Diciturque
945 646 1033 736 quod
1070 668 1150 736 sepa
1177 652 1296 719 curium

266 754 453 820 Romanam
469 752 554 820 adiit
576 773 636 840 pro
653 773 733 841 rege
750 762 785 821 et
800 756 947 841 negotiis
967 754 1158 823 Gallicanis
1168 762 1204 825 et
1217 758 1296 845 quod

265 862 309 929 ibi
333 862 479 927 incuria
497 862 650 927 Romana
668 881 841 928 sermones
857 861 937 929 iecit
950 860 1214 931 fecundissimos
1225 866 1298 933 etin

264 970 400 1055 dyocesi
421 968 606 1035 Senonensi
622 974 657 1036 et
671 988 731 1055 per
752 970 971 1057 prouiutiam,
986 977 1023 1038 et
1041 970 1131 1057 quod
1144 970 1296 1040 libentius

265 1076 306 1141 ab
321 1075 476 1141 omnibus
493 1074 705 1153 audiebatur,
726 1076 805 1162 quia
819 1078 970 1163 gratiose
987 1081 1023 1143 et
1036 1076 1228 1145 iocabiliter
1247 1100 1297 1145 no·

264 1183 378 1249 tandis
399 1182 574 1268 prouerbis
597 1182 807 1268 loquebatur.
822 1184 905 1269 Sepe
920 1202 996 1249 cum
1010 1202 1092 1271 rege
1111 1184 1148 1250 in
1164 1183 1296 1271 loquelis

264 1290 510 1366 iocabiliserat,
523 1295 558 1356 et
570 1294 683 1356 tamen
699 1290 841 1375 loquelis
853 1290 944 1355 omni
960 1289 1295 1379 acceptionedignus.

264 1400 309 1466 Et
324 1418 385 1464 rex
399 1419 474 1465 cum
490 1399 563 1483 ipso
579 1396 773 1484 frequenter
785 1398 1024 1483 spetialissime
1042 1396 1256 1485 loquebatur,
1267 1406 1298 1465 ct

212 1496 244 1552 ¹⁰
264 1506 305 1571 de
316 1505 457 1591 loquelis
469 1506 616 1588 ipsorum
632 1503 829 1569 iocabilibus
843 1508 879 1569 et
895 1501 1078 1570 fructuosis
1090 1503 1189 1571 multi
1198 1503 1298 1571 multu

265 1612 393 1688 dicunt,
411 1632 476 1697 que
491 1612 638 1697 presenti
656 1611 769 1677 libello
785 1631 852 1677 non
866 1629 1029 1698 propono.

312 1934 410 1999 Auno
433 1934 563 1999 Domini
576 1934 754 2000 millesimo
768 1932 998 2002 ducentesimo
1012 1936 1135 2022 primo,
1154 1936 1297 2004 Lenonis

268 2041 473 2128 predicatur,
490 2046 524 2107 et
537 2040 579 2106 ad
592 2039 691 2105 fldem
707 2042 930 2108 conuertitur.

310 2148 408 2213 Anno
430 2148 561 2213 Domini
586 2147 763 2213 millesimo
791 2145 1020 2216 ducentesimo
1044 2149 1204 2227 secundo,
1220 2148 1297 2217 obiit

267 2256 476 2333 Galtherius‚
500 2254 603 2321 abbas
627 2255 870 2333 Sancti-Petri;
895 2258 1058 2323 successit
1080 2257 1212 2336 Helias,
1232 2256 1298 2323 ira-

266 2370 356 2431 trum
374 2362 567 2428 consolator
578 2368 764 2445 etamat0r‚
781 2362 903 2429 nobilis
918 2370 952 2429 et
967 2362 1159 2429 laudabilis.

311 2470 374 2535 Illo
386 2474 536 2554 tempore
551 2468 689 2536 uiuebat
702 2471 865 2553 magister
876 2470 999 2535 Petrus
1010 2468 1235 2535 Lumbardus.

311 2576 529 2642 Innocentius
541 2576 604 2654 ΙΙΙ,
616 2576 764 2643 libellum
779 2576 910 2643 abbatis
926 2575 1075 2642 inachim
1090 2574 1296 2664 dampnauiit

266 2694 301 2753 et
315 2684 519 2751 lilmericum
539 2683 794 2761 Carnoteusem
815 2685 903 2751 sicut
917 2682 1062 2750 habetur
1074 2684 1109 2749 iu
1128 2682 1297 2759 decretali,

211 2780 246 2837 ‘³⁰
265 2792 503 2879 dampnamus,
548 2810 637 2856 anno
680 2790 811 2856 Domini
857 2790 1034 2857 millesimo
1073 2790 1298 2859 ducentesimo

266 2905 374 2967 sexto.

308 3012 406 3076 Auno
424 3010 554 3076 Domini
573 3010 750 3075 millesimo
773 3009 1002 3076 ducentesimo
1024 3008 1180 3095 septimo,
1207 3008 1299 3073 inuo-

264 3120 395 3185 centius
411 3119 503 3183 misit
513 3118 661 3203 legatum
684 3126 715 3183 ct
730 3116 903 3183 duodecim
917 3115 1057 3183 abbates
1079 3116 1299 3181 Citercienses

264 3234 299 3293 et
314 3226 448 3294 beatum
468 3224 685 3291 Benediclum
695 3224 736 3291 ad
748 3224 970 3311 Abigeusium
980 3230 1120 3305 terram,
1135 3220 1179 3287 ad
1192 3220 1300 3310 predi-

263 3332 406 3399 candum
421 3340 541 3400 contra
554 3332 737 3401 hereticos.

308 3442 371 3508 llic
391 3448 552 3529 tempore,
583 3460 722 3527 regnum
744 3440 966 3505 Tartarorum
985 3438 1112 3525 incepit
1135 3436 1200 3505 sub
1223 3454 1299 3525 rego

263 3548 382 3625 Dauid,
399 3548 469 3612 filio
482 3548 658 3625 Iohannis,
677 3546 862 3633 prebyteri,
880 3566 978 3631 quem
996 3544 1061 3611 sibi
1077 3544 1266 3631 elegerunt.

306 3762 433 3849 incepit
461 3768 599 3829 sanctus
625 3760 827 3827 Franciscus
851 3756 1004 3825 ordinem
1018 3757 1179 3825 Fratrum
1196 3754 1300 3823 Mino·

260 3892 349 3937 rum.

205 3984 240 4042 30
304 3982 403 4045 Auno
419 3980 551 4046 Domini
568 3978 755 4045 'millesimo
776 3976 1008 4043 ducentesimo
1019 3994 1121 4049 nono.
1143 3973 1229 4042 obiit
1242 3972 1301 4039 do-

260 4092 370 4157 minus
384 4090 513 4167 Helias,
536 4088 640 4153 abbas
658 4086 907 4161 Sancti-Petri;
927 4082 1092 4149 successit
1106 4080 1299 4149 Hulderius.
