2918 5046
709 447 868 507 ..³92-

256 585 365 649 ratus.
396 578 676 667 consanguineus
709 580 801 667 regis
828 578 967 647 Robarti
996 576 1111 647 fuerat
1145 576 1281 657 munii.

256 687 360 754 abbas
388 685 891 755 Sancti-Mautimi-Mathiensis
915 690 951 754 ct
981 682 1281 753 Sancti-Germani·

256 796 475 873 Pauisicnsis;
495 793 553 861 sed
580 814 684 861 causa
705 792 909 873 deuotionis,
926 794 1069 861 Senonis
1092 798 1231 861 uenerat
1245 792 1281 861 ad

256 903 499 971 monasterium
522 901 638 969 Sancti
657 902 779 989 [Patri]
805 902 840 967 in
866 922 932 988 quo
958 899 1099 989 uigebat
1121 900 1282 989 roligionis

256 1008 435 1097 disciplina
450 1028 525 1073 cum
542 1013 736 1076 sanctarum
752 1008 999 1095 scripturarum
1011 1006 1126 1075 studio
1152 1012 1188 1075 st
1204 1008 1281 1075 omui

257 1116 406 1187 moribus
418 1117 622 1184 honestatis.

585 1454 629 1517 De
647 1450 816 1520 mainardo
829 1449 960 1521 comite.

303 1650 366 1718 1110
378 1654 541 1735 tempore,
556 1650 749 1718 Rainardus
763 1671 887 1729 comas,
905 1652 963 1739 qui
978 1650 1022 1719 ad
1036 1652 1186 1721 Odonem
1198 1652 1284 1719 comi·

259 1765 327 1827 tem
353 1756 501 1843 fugerat,
545 1760 721 1825 contruxit
751 1765 900 1826 castrum
930 1758 1177 1827 Monutorolum
1199 1776 1284 1845 supas

207 1870 239 1925 ¹0
259 1866 422 1933 secanam
446 1869 481 1930 et
494 1864 637 1947 Youem,
656 1872 691 1931 et
709 1865 803 1934 dedit
818 1866 900 1934 iliud
917 1866 1024 1934 Odoni
1051 1866 1166 1935 comiti
1180 1870 1284 1933 contra

259 1972 465 2039 volontatem
488 1972 579 2057 regis
603 1979 638 2038 et
665 1973 700 2038 in
717 1972 914 2039 scandaium
935 1972 1191 2061 archicpiscopi.
1214 1970 1283 2039 unt

259 2085 371 2146 autem
388 2085 494 2155 terra,
510 2078 544 2143 in
561 2098 626 2163 qua
643 2077 820 2146 fundatum
845 2079 911 2148 suit
933 2085 1097 2159 castrum,
1111 2080 1153 2147 de
1165 2096 1283 2169 poam·

260 2185 412 2256 sionibus
424 2183 953 2270 Sancti-Stephani-Senonensis.

515 2472 611 2539 Idem
631 2472 672 2538 cte
687 2469 881 2539 Roinnardo
903 2482 936 2537 et
949 2490 1044 2557 pace.

303 2672 454 2759 Sumptis
467 2674 574 2759 igitur
585 2670 727 2747 uiribus,
747 2668 835 2735 idem
850 2667 1044 2735 Rainaudus
1054 2666 1187 2735 obsedit
1199 2664 1282 2733 Sauo·

260 2797 332 2854 nas,
354 2786 496 2845 uastans
510 2778 624 2843 omnia
636 2797 696 2863 per
708 2777 887 2843 circuitum
896 2776 1008 2843 tribus
1018 2773 1136 2841 dicbus
1147 2782 1182 2841 st
1196 2770 1282 2839 nocti·

260 2887 334 2954 bus.
349 2888 412 2953 Illo
427 2894 592 2974 tempora,
607 2884 673 2951 fuit
689 2884 794 2949 sames
817 2881 932 2949 valida
958 2886 995 2949 at
1016 2880 1207 2949 mortalitas
1228 2894 1281 2945 m·

260 3014 337 3081 gna.
353 2993 479 3061 Postea
493 2992 668 3082 pacificata
687 2998 767 3057 sunt
792 3010 855 3057 rex
869 2994 905 3056 at
928 2987 1200 3075 archiepiscopus
1220 2998 1279 3053 ou!

260 3099 438 3177 Rainald0;
454 3099 674 3166 reddiderunt
694 3098 725 3163 ei
737 3098 912 3164 ciuitatem
927 3097 978 3162 ita
990 3102 1104 3162 tamen
1117 3092 1203 3181 quod
1218 3090 1280 3179 poti

204 3218 239 3273 tu
259 3217 401 3272 mortam
419 3206 601 3291 Raynaldi,
624 3204 788 3271 medietas
811 3202 964 3269 ciuitatis
982 3220 1059 3267 cum
1072 3200 1230 3267 comitatu
1245 3188 1279 3261 d

259 3311 444 3379 dominium
458 3310 750 3399 Sancti-Stephani
761 3308 937 3376 deuenirst
948 3313 984 3375 et
995 3305 1064 3373 ulia
1073 3306 1109 3372 in
1119 3300 1279 3373 domium

261 3424 364 3509 regis.
397 3422 461 3490 Sed
488 3428 663 3510 postquam
690 3430 845 3507 recaptus
874 3418 940 3487 fuit
966 3416 1009 3485 ad
1037 3435 1167 3505 paoem,
1189 3410 1281 3479 uum

264 3528 469 3613 Raynardus
492 3528 649 3597 omnibus
675 3526 783 3593 modis
810 3524 1101 3613 archiepiscopum
1124 3512 1280 3589 intumit

466 3924 509 3987 De
524 3918 677 4007 lioperto,
692 3916 764 4004 filio
781 3917 949 4003 Rodutpti
962 3920 1103 3987 comico.

307 4121 380 4187 illis
408 4114 538 4197 diebus,
559 4116 739 4205 Rogemus,
762 4116 853 4183 filius
879 4115 1049 4213 Rodulphi
1064 4118 1195 4191 comiti!
1211 4106 1295 4179 ΝΜ·
