2970 5430
708 449 865 505 -172-

253 556 257 567 ⁷
277 576 388 642 heresi
412 575 629 654 reuocabaut,
656 597 738 664 quos
758 577 876 644 nolens
909 578 1038 659 audire,
1067 580 1180 651 subito
1201 582 1309 651 diuino

276 681 396 749 iuditio
411 702 470 768 per
482 682 584 750 ictum
602 682 751 750 fulminis
769 685 911 752 interiit.

311 1050 479 1106 Omninista
494 1047 658 1120 supradicta
669 1048 807 1121 prolixius
822 1050 852 1104 in
882 1047 1044 1117 Pentheon,
1060 1049 1090 1106 in
1107 1052 1224 1110 cronica
1236 1052 1313 1112 ider·

276 1138 721 1198 tinietinactibusRomanorum
732 1140 931 1205 contincntur;
944 1138 994 1195 sod
1006 1140 1073 1213 quia
1082 1140 1212 1212 gaudent
1225 1143 1317 1202 breui·

274 1229 466 1287 tatemodemi
480 1229 906 1286 oreuioemnnourislamcnde
921 1241 1026 1296 cotem,
1037 1228 1198 1301 deregibus
1208 1233 1316 1291 nostris

274 1319 461 1386 Francorum,
477 1334 601 1389 quorum
621 1317 701 1374 locus
726 1326 771 1374 est
793 1319 822 1373 in
847 1334 924 1374 nona
951 1318 1059 1386 tabula,
1082 1319 1236 1391 prolixius,
1252 1321 1316 1381 Deo

274 1408 370 1476 dante,
390 1406 570 1466 conscribere
580 1405 701 1477 dignum
717 1404 795 1461 duxi.

504 1730 633 1781 stchUS,
655 1730 816 1771 SENONENSlS
835 1730 1072 1772 ARCHlBPlSGOl’US.

309 1907 396 1964 Sexta
420 1908 517 1965 tabula
538 1909 666 1984 loquitur
681 1909 843 1967 dcdomino
867 1911 990 1977 Siclino,
1013 1910 1177 1969 Senonensi
1198 1913 1318 1972 archic-
1349 1879 1354 1886 .

223 2002 254 2057 li]
274 1997 401 2071 piscopo‚
413 2014 441 2054 ec
455 1997 489 2054 de
502 1997 665 2067 Theodoro,
681 1999 883 2072 predecessore
894 2015 958 2066 suo,
978 1999 1013 2057 do
1026 1999 1087 2057 suis
1102 2001 1276 2075 sepulturis,
1288 2010 1319 2061 et

274 2086 309 2144 de
320 2087 513 2160 presumendn
528 2103 627 2145 eorum
640 2089 839 2146 translatione.

317 2286 424 2353 Prout
438 2287 666 2373 aquibusdam
678 2289 742 2354 fide
755 2289 866 2376 dignis
884 2295 1000 2356 nostre
1016 2290 1156 2355 maioris
1171 2289 1316 2357 ecclesie

273 2393 408 2472 dicitur,
422 2395 456 2458 in
469 2394 560 2462 dicta
573 2401 690 2462 nostra
701 2397 820 2462 maiori
834 2398 976 2463 ccclesia
990 2401 1043 2462 est
1059 2414 1161 2482 capsa
1183 2395 1311 2484 lignea,

273 2501 308 2564 in
325 2520 390 2585 qua
404 2498 469 2569 fuit
483 2503 591 2569 uisum
613 2508 647 2569 et
676 2505 815 2571 inuenta
847 2504 983 2572 suerunt
1009 2505 1043 2569 in
1067 2524 1108 2570 ea
1134 2524 1215 2572 ossa
1236 2526 1313 2573 cum

272 2607 440 2673 cineribus
450 2607 798 2696 fereduocumabsque
807 2611 943 2688 litteris,
957 2613 1028 2679 etsi
1043 2611 1158 2679 littere
1169 2609 1311 2691 luerint,

273 2719 410 2801 propter
423 2720 627 2782 uetustatem
640 2723 781 2802 possunt
794 2718 929 2782 minime
942 2719 1147 2804 recognosci.
1165 2718 1213 2784 De
1236 2721 1313 2807 qui-

273 2818 334 2884 bus
350 2821 607 2907 presumendum
622 2828 686 2901 est,
705 2827 741 2889 ut
753 2824 787 2887 in
802 2821 999 2908 quibusdam
1024 2821 1120 2907 libris
1147 2824 1313 2890 veteratis

272 2926 501 2994 Sancti-Petri
517 2927 674 3014 colligere
687 2950 835 3016 possum,
854 2927 941 3014 quod
952 2927 1042 2994 dicta
1055 2947 1134 2993 ossa
1151 2934 1231 2995 sunt
1257 2929 1314 2996 do·

273 3033 355 3097 mini
384 3033 551 3100 Theodori
583 3041 617 3103 et
643 3035 768 3101 domini
797 3037 924 3101 Siclini.
959 3036 1058 3112 Nam,
1086 3042 1163 3121 post
1194 3042 1314 3105 trans-

218 3147 253 3201 ‘20
272 3140 432 3207 lationem
448 3147 640 3209 sanctorum
658 3143 818 3219 Ursicini,
837 3143 975 3228 lignidi,
994 3141 1163 3207 Ambrosii
1179 3149 1215 3210 et
1231 3145 1315 3211 Leo·

228 3319 230 3322 ,
273 3248 339 3324 nis,
359 3247 483 3315 factam
507 3270 567 3334 pec
586 3248 811 3315 venerabilem
836 3248 1052 3333 nnsegisum,
1083 3245 1311 3315 Senoncnsem

272 3353 571 3441 archiepiscopum,
599 3354 638 3419 cle
663 3354 868 3419 monasterio
888 3351 1150 3417 Sancti-Leonis
1174 3353 1209 3418 in
1238 3375 1314 3422 uro-

273 3462 458 3526 nasterium
488 3460 831 3536 Sancti-Petri·Uiui,
865 3458 959 3544 probi
988 3458 1052 3521 uiri
1084 3459 1136 3542 pie
1167 3478 1314 3549 congre-

273 3567 420 3654 gationis
441 3568 550 3633 sancti
571 3566 856 3654 prothomartyris
877 3564 1052 3650 Stephani,
1073 3565 1108 3628 in
1130 3563 1246 3631 eodem
1262 3569 1315 3633 ci·

274 3675 406 3740 miterio
422 3674 674 3740 Sancti-Leonis
690 3672 849 3738 dicuutur
865 3669 1003 3748 fodisse,
1025 3677 1116 3738 etex
1133 3670 1212 3738 inde
1233 3694 1315 3741 ossa

272 3786 307 3847 et
327 3782 456 3847 cineres
472 3781 697 3867 predictorum
713 3779 891 3845 l'heodorii
909 3787 944 3845 et
960 3778 1075 3845 Siclini
1101 3778 1311 3860 subleuasse,

272 3893 306 3954 et
327 3889 360 3952 iu
383 3889 542 3954 maiorem
566 3895 716 3953 nostram
737 3885 910 3952 ecclesiam
924 3884 1117 3951 collocasse.
1134 3885 1176 3952 Et
1191 3886 1234 3953 ad
1249 3887 1316 3956 lroc

273 3995 438 4082 agendum
460 3994 564 4081 digna
582 3993 623 4057 de
638 4012 741 4057 causa
758 3993 840 4057 moti
866 3989 1014 4068 luerunt,
1034 4011 1111 4055 uam
1126 3990 1217 4058 dicto
1239 4014 1316 4059 mo-

273 4101 423 4167 nasterio
439 4098 698 4167 Sancti-Leonis
721 4097 791 4164 lere
810 4099 995 4177 destructo,
1011 4101 1045 4164 et
1067 4098 1219 4188 reliquiis
1232 4121 1316 4191 pre-
