2918 5046
736 448 897 505 -5to-

294 574 392 641 dibus
407 573 599 661 operiendo.
615 576 658 642 Et
671 575 735 642 hoc
746 578 868 643 mirum
881 578 1075 646 nuntiatum
1088 576 1229 643 domino
1240 594 1328 663 pape.

293 683 349 767 qui
365 681 472 749 dixit:
496 712 511 737 a
530 681 650 748 Omnia
665 683 839 769 possibilia
853 684 941 771 apud
956 684 1076 751 Deum.
1100 712 1118 741 u
1132 681 1327 751 Fredoriour

292 790 390 875 petiit
414 811 434 855 a
459 790 693 877 nigromaticis
721 790 799 877 quid
825 792 889 858 hoo
912 790 1032 859 esseti
1058 790 1125 866 Qui
1150 788 1324 857 dixerunt:

292 925 307 951 a
331 898 482 983 Antiqua
497 897 654 983 superbia
674 897 931 985 confrangetur,
958 903 995 967 et
1015 918 1105 964 nouo
1131 896 1326 965 sublimitati

288 1026 348 1091 pro
363 1012 515 1092 ternpore
533 1006 746 1094 adiungetur.
770 1038 784 1063 a
812 1010 836 1073 F
839 1007 1010 1075 rederious
1034 1006 1214 1075 intellexit
1224 1006 1267 1073 do
1280 1028 1327 1073 ue·

288 1114 354 1178 teri
376 1112 535 1200 superbia
558 1113 786 1181 Romanorum
802 1116 893 1183 etde
909 1136 970 1181 suo
985 1136 1076 1181 nouo
1090 1134 1215 1203 regno.
1239 1114 1325 1181 Unde

286 1216 411 1284 dicitur
440 1219 527 1305 quod
556 1222 757 1288 multociens
785 1222 930 1301 dicebat,
953 1221 1217 1309 quumvidobat
1232 1220 1323 1289 hono·

285 1344 362 1391 rare
378 1328 482 1393 Deurn
506 1334 540 1395 et
565 1328 750 1395 Ecclesiam
768 1330 976 1409 Romanam
995 1360 1011 1387 ι
1036 1328 1139 1395 Heu!
1166 1334 1321 1417 quantu

286 1430 422 1500 durabit
438 1433 528 1500 hoc?
549 1466 564 1491 u

229 1638 260 1693 ¹0
328 1646 456 1733 Illoque
470 1654 634 1734 tempore,
657 1670 739 1715 anes
753 1650 926 1717 cuiusdam
946 1652 1100 1719 ciuitatis
1123 1652 1317 1739 antiquioris

282 1755 454 1840 sugerunt,
471 1760 507 1821 et
521 1755 619 1821 nidos
639 1776 717 1821 suos
733 1762 956 1842 portauerunt
976 1759 1011 1824 in
1030 1758 1120 1823 alias
1142 1760 1315 1837 ciuitatm

279 1870 314 1928 ot
329 1862 404 1927 ideo
422 1862 509 1928 male
526 1882 722 1949 presumens
740 1862 781 1928 do
794 1862 984 1931 huiusmodi
1005 1864 1127 1951 signis,
1155 1864 1316 1953 predicto·

279 1989 398 2033 uersus
418 1968 594 2037 mandauit
611 1970 746 2036 domino
762 1990 866 2056 pape;
884 1976 919 2037 et
942 1978 1062 2058 postea
1076 1972 1208 2041 iterum
1229 1992 1316 2039 ruru-

279 2075 373 2143 dauit
391 2076 475 2142 duos
491 2086 670 2163 sequentes
683 2076 790 2143 tales:

347 2232 415 2289 Fata
432 2234 537 2301 ierunt,
554 2233 655 2289 dicunt
671 2233 804 2289 homines
818 2234 976 2311 auinmque
995 2236 1124 2295 uolatus.

344 2323 451 2380 'socius
464 2324 493 2378 in
509 2323 623 2381 modico
638 2322 762 2379 malleus
777 2322 854 2380 orbis
868 2340 927 2382 ero.

318 2506 478 2571 Dominus
508 2526 595 2591 papa
623 2506 838 2573 remandauit
868 2506 1048 2575 Frederico
1080 2514 1205 2577 contra
1233 2510 1307 2577 duos

270 2612 397 2697 primos
412 2634 544 2689 versus,
565 2614 650 2679 istos
667 2612 773 2679 duos:

342 2733 410 2790 Fata
425 2734 521 2803 silent,
537 2752 591 2791 noc
606 2752 676 2791 uera
690 2736 805 2803 docent,
821 2752 876 2793 nec
888 2736 1017 2809 predicat
1030 2738 1102 2798 ales.

213 2818 248 2874 ‘itt
342 2823 393 2879 list
406 2840 523 2897 quoquc
543 2825 633 2881 sotius
652 2824 724 2881 scire
740 2825 835 2881 sutura
856 2824 921 2893 Dei,

310 2936 353 3001 Et
370 2940 451 3001 tunc
467 2935 888 3005 Frctlericusrenrandauit
903 2938 1117 3025 supradictos
1128 2942 1215 3011 duos
1231 2962 1302 3011 ucr-

265 3064 323 3108 sus
336 3044 471 3111 domino
484 3065 570 3132 pape
585 3065 592 3109 z

334 3166 405 3224 Fata
419 3168 519 3225 serunt
532 3178 592 3227 etc.

309 3279 352 3345 Et
369 3278 525 3345 dominns
539 3300 625 3368 papa
639 3282 816 3368 rescripsit
836 3284 885 3348 sic
900 3303 907 3347 :

333 3406 445 3477 Scripta
462 3412 575 3465 notant.
590 3412 619 3457 ot
633 3403 696 3458 iura
708 3402 823 3469 docent,
839 3412 950 3459 secreta
962 3402 1137 3477 loquuntur.

331 3496 414 3561 Quod
429 3492 478 3547 tibi
500 3492 559 3548 uita
575 3490 684 3555 breuis.
700 3507 775 3563 pona
791 3490 980 3563 perhempnis
994 3492 1059 3547 erit.

305 3606 344 3669 In
360 3604 418 3669 illo
433 3609 596 3689 tempore,
615 3602 767 3685 sequenti
791 3620 892 3679 ruina,
913 3602 948 3665 in
971 3600 1105 3669 ‘torreto
1131 3602 1299 3691 Hisponis.

259 3711 395 3799 quidarn
410 3710 527 3775 indens
543 3710 674 3774 inuenit
688 3710 721 3771 in
737 3728 818 3793 rupe
832 3728 911 3785 una,
928 3708 961 3771 in
983 3706 1094 3773 medio
1121 3708 1254 3797 lapidis,
1270 3712 1299 3775 iu

257 3821 471 3887 concauitate
486 3819 519 3881 in
541 3818 632 3881 iliarn
658 3818 841 3881 scissuram
865 3814 1022 3897 habente,
1054 3814 1181 3883 tibrum
1207 3836 1299 3885 utrum

205 3933 238 3987 30
257 3930 353 4015 quasi
391 3926 505 4011 lignea
541 3924 621 3989 solia
650 3923 858 4001 habente1n;
891 3920 1100 4009 quilibetquo
1124 3926 1299 4013 psalterios

256 4038 403 4123 scriptus
419 4043 495 4098 crat
509 4031 677 4111 hebraice,
694 4052 793 4117 grece
810 4037 845 4097 et
860 4030 985 4109 latine;
1000 4036 1036 4097 et
1047 4030 1250 4119 loquebatur
1262 4028 1299 4097 tir

255 4144 380 4230 triplici
398 4140 546 4209 mundo:
571 4138 613 4204 ab
628 4137 736 4205 Adam
755 4156 860 4223 usque
875 4134 917 4203 ad
932 4134 1114 4217 diluuium,
1133 4158 1157 4205 a
1183 4138 1298 4205 diluuio
