2918 5046
714 459 745 471 -
764 429 872 487 570-

268 557 362 638 dioti,
380 560 415 623 in
428 558 572 644 singulis
586 557 678 625 beati
706 557 801 625 Petri
824 558 982 645 apostoli,
1000 558 1181 627 beatorum
1199 560 1310 627 marti·

267 688 341 733 rum
372 668 547 735 Saniniani
563 670 597 733 et
610 666 808 733 Potentiam
829 667 865 732 in
886 685 1026 752 quornm
1040 666 1175 733 honoro
1196 666 1308 735 sedon

267 774 408 841 ecelesia
445 772 570 841 dicitur
605 794 680 840 esse
715 777 924 851 constructa,
963 780 1000 841 ot
1038 792 1102 861 por
1133 780 1214 843 octo
1241 773 1308 843 diss

266 878 472 948 sestiuitates
489 883 581 969 ipsas
598 886 632 949 in
648 884 831 952 medietate
855 888 1048 971 sequentes,
1074 903 1210 952 necnon
1223 890 1260 953 st
1276 888 1308 953 in

265 989 476 1055 anniuersario
491 990 544 1055 die
556 990 779 1058 dedicationis
792 992 899 1079 ipsius
922 992 1076 1071 eoeleste,
1090 990 1218 1061 deuote
1235 994 1310 1059 nisi·

264 1102 426 1162 tauerunt
448 1100 638 1174 annuatim,
657 1098 698 1164 de
720 1100 962 1186 omnipotentis
988 1098 1048 1163 Dei
1071 1104 1108 1167 et
1134 1096 1308 1169 beatorum

264 1201 358 1267 Petri
378 1209 412 1269 et
437 1203 535 1269 Pauli
555 1205 786 1290 apostolorum
819 1206 892 1271 eius
913 1204 1121 1271 auctoritato
1147 1204 1307 1285 oonflsns,

264 1329 365 1375 unum
380 1329 505 1377 annum
518 1321 552 1380 et
565 1312 792 1399 quadraginta
807 1314 879 1379 dies
895 1312 936 1379 de
953 1313 1117 1381 iniunctis
1133 1312 1202 1381 sibi
1216 1314 1311 1403 poni-

263 1419 384 1483 tenoiis
396 1420 662 1487 misericorditer
676 1420 859 1486 relaxauit.

212 1640 245 1695 ¹0
306 1632 404 1698 Anno
435 1634 565 1699 Domini
601 1634 779 1701 millesimo
817 1632 1047 1699 ducentesimo
1087 1634 1311 1721 nonagesimo

261 1740 381 1824 primo,
402 1741 437 1804 in
452 1760 535 1807 ceno
548 1741 693 1819 Domini,
712 1740 796 1807 obiit
812 1745 930 1807 sancte
941 1739 1105 1805 memorie
1120 1740 1312 1811 tumulatur

261 1846 447 1913 Nioholaus
466 1849 529 1915 IV.

307 1956 404 2020 Anno
442 1957 574 2022 Domini
603 1956 782 2021 millesimo
821 1955 1050 2023 ducentesimo
1086 1958 1309 2045 nonagesimo

262 2061 419 2138 secundo,
438 2063 522 2129 obiit
538 2064 701 2149 magister
724 2060 942 2127 Theobardus
957 2061 998 2128 do
1020 2062 1183 2143 Senonis,
1198 2062 1308 2133 dictos

259 2168 382 2245 Dolooe,
415 2168 672 2235 archidiaconus
706 2170 927 2255 Stempensis,
959 2170 1016 2255 qui
1046 2168 1131 2239 iecit
1163 2172 1306 2259 primam

259 2275 421 2360 capellam
447 2276 480 2340 in
495 2276 637 2341 introitu
653 2276 790 2341 maioris
805 2275 945 2341 ecclesie
959 2296 981 2341 a
1006 2276 1175 2357 sinistris,
1191 2280 1231 2345 in
1246 2278 1308 2347 ho-

259 2401 341 2446 nore
369 2384 479 2447 sancti
509 2383 651 2447 Firmini
679 2396 714 2448 et
745 2382 856 2449 sancti
884 2374 1067 2470 Supplicii;
1094 2386 1307 2455 monasterio

258 2489 581 2555 Sancti-Petri-L'iui
594 2492 793 2557 tumulatur.

304 2598 402 2661 Anno
419 2598 552 2662 Domini
569 2598 749 2663 millesimo
765 2598 995 2665 ducentesimo
1010 2600 1239 2687 nonagesimo
1253 2620 1307 2667 so-

204 2709 239 2767 ‘20
257 2704 379 2781 cundo,
400 2704 484 2770 obiit.
498 2704 584 2769 bone
617 2706 777 2770 memorio
796 2706 951 2771 dominus
974 2710 1011 2773 et
1037 2708 1209 2795 magister
1231 2706 1305 2775 Gilo

255 2810 408 2887 Cornuti,
450 2810 655 2877 Senonensis
693 2812 980 2899 archiepiscopus,
1021 2814 1079 2899 qni
1116 2814 1303 2883 Emiedsn

256 2918 482 2982 Senonensem
496 2917 715 2984 laudabilitnr
730 2918 854 3003 absque
868 2918 1026 3006 superbia
1044 2920 1230 2989 mitissimo
1242 2944 1304 3011 gn-

256 3026 425 3091 bornauit.
444 3027 628 3112 Peripsum
651 3028 758 3091 maior
772 3027 914 3092 ecclesia
933 3026 1058 3093 multas
1069 3030 1302 3115 possessiones

256 3134 441 3218 adquisinit
456 3134 542 3219 apud
560 3134 1094 3224 Uillam-nouam-rirohiepisoopi
1105 3142 1144 3205 et
1157 3138 1239 3205 niiis
1250 3138 1301 3205 io·

256 3242 316 3306 cis.
334 3242 373 3306 In
386 3242 489 3307 choro
506 3243 644 3307 maioris
658 3244 798 3308 ecclesie
813 3243 910 3309 iuxta
924 3242 1097 3309 dominum
1108 3242 1299 3323 (initorum,

257 3348 459 3413 auunculum
487 3370 597 3426 suurn,
632 3350 857 3415 Senonensem
887 3348 1194 3439 archiepiscopum,
1212 3370 1302 3441 seps·

256 3454 350 3521 litur.
