2970 5430
718 431 873 486 ,εω-

268 557 384 623 diebus
411 555 531 624 tribus.
558 556 743 624 Constituit
780 555 925 622 letanias
947 552 1057 621 tribus
1083 549 1202 619 diebus
1229 558 1312 620 ante

267 665 507 730 Ascensionem
526 652 669 728 Domini.
685 663 729 728 Et
742 661 820 727 dum
834 681 902 726 una
917 659 971 726 die
986 660 1052 725 iret
1067 677 1141 724 oum
1155 658 1307 738 letaniis,

268 775 386 856 captus
411 774 475 846 est,
501 773 535 835 et
554 774 743 846 excecatus,
767 774 800 835 et
824 769 941 854 lingua
965 766 1145 853 priuatus3
1169 764 1228 831 sed
1250 785 1310 852 por

267 877 382 943 fideles
398 875 557 962 quosdam
575 876 617 940 ad
633 859 954 942 Sanctum-Petrum
975 873 1097 941 ductus
1115 878 1181 941 est.
1199 873 1243 940 m
1263 871 1308 939 ibi

269 985 480 1071 omnipotens
498 984 585 1048 Deus
604 983 634 1047 ei
652 982 800 1048 reddidit
814 983 924 1047 uisum
939 985 973 1047 et
989 979 1170 1066 loquelam.
1187 979 1308 1046 Postea

268 1089 363 1154 uenit
378 1089 412 1152 in
429 1088 602 1180 Frentiam
620 1088 662 1154 ad
689 1090 851 1154 Karolum
871 1107 1044 1175 magnum,
1061 1084 1306 1174 que[m]aeoum

145 1192 147 1196 ⁴
269 1194 367 1262 duxit
380 1195 496 1261 Rome.

292 1516 344 1583 De
356 1515 479 1584 Korolo
494 1533 617 1600 mopno
633 1527 665 1581 ct
684 1516 726 1581 de
741 1517 954 1583 coronatione
967 1534 1029 1582 sua
1043 1515 1080 1581 in
1111 1512 1284 1599 rinpcrium

669 1623 906 1692 Romanorum.
958 1628 963 1635 '

220 1850 252 1906 ¹0
313 1841 423 1927 Igitur
439 1842 586 1907 Karolus
601 1860 757 1927 magnus,
779 1840 968 1926 subiugatis
983 1839 1051 1904 iam
1067 1835 1133 1902 sibi
1149 1835 1300 1921 Bauguu·

269 1948 386 2026 dariis
419 1950 535 2027 Dama,
564 1948 811 2025 suessionibus,
841 1946 1054 2034 AquitaneiS,
1088 1940 1298 2017 Nomthauis,

270 2056 457 2133 Britannis,
484 2056 681 2133 Pannoniis,
708 2054 952 2142 Longobardis,
969 2053 1127 2130 Ytalicis,
1151 2053 1301 2138 Burgun-

270 2160 334 2238 dis,
358 2160 556 2247 quibusdam
572 2161 724 2248 partibus
747 2162 923 2246 Hispania,
940 2165 975 2227 et
996 2159 1113 2226 multis
1136 2158 1215 2224 aliis
1230 2175 1301 2245 pro·

269 2269 400 2345 uintiis,
418 2267 459 2333 ad
478 2269 631 2344 Romam,
645 2267 812 2334 uloiturus
830 2268 974 2331 Leonem
989 2285 1122 2353 papam,
1140 2265 1208 2330 iter
1221 2261 1302 2328 arri·

269 2373 353 2456 puit.
371 2374 440 2438 Leo
459 2393 557 2460 papa,
576 2394 635 2460 per
650 2374 781 2459 legatos
796 2374 863 2438 iam
880 2377 1035 2459 receptus
1047 2373 1083 2436 in
1097 2368 1299 2445 cathedram,

270 2479 397 2545 Karolo
407 2481 539 2547 obuiam
553 2483 693 2558 occurit,
717 2485 752 2546 ct
764 2501 838 2545 eum
849 2479 1031 2546 honorifice
1044 2479 1205 2565 suscepit.
1219 2478 1303 2543 'luuc

270 2604 343 2663 rex,
364 2592 440 2672 post
454 2587 567 2653 decem
588 2588 672 2666 dies,
689 2608 810 2653 causas
834 2589 885 2653 sui
907 2587 1073 2654 aduentus
1094 2585 1217 2673 populo
1231 2603 1303 2672 pro-

271 2693 369 2771 tulit;
387 2699 421 2760 et
438 2696 638 2779 martyrium
655 2714 737 2781 pape
754 2694 955 2772 ulciscendo,
974 2693 1137 2781 Capulum
1153 2692 1304 2780 primice-

272 2799 358 2863 rium
384 2802 533 2866 Romane
551 2801 711 2882 Ecclesie,
730 2805 765 2866 et
781 2800 992 2876 Paschalem,
1020 2801 1215 2879 sacristam,
1236 2816 1303 2865 cum

219 2903 255 2960 20
272 2906 348 2970 aliis
361 2907 492 2973 clericis
505 2906 791 2984 malefactoribus,
805 2928 887 2993 quos
901 2908 1038 2994 capitali
1051 2907 1224 2974 sententia
1236 2924 1304 2972 cou-

272 3011 525 3098 dempnauerat,
551 3012 704 3100 precibus
728 3034 824 3098 pape,
849 3014 884 3077 in
909 3012 1045 3078 exilium
1071 3011 1178 3087 misit,
1204 3015 1244 3077 ut
1264 3006 1303 3073 ibi

272 3118 492 3201 penitentiam
509 3124 649 3204 agerent
668 3118 709 3183 de
726 3119 925 3183 commissis.
943 3118 987 3185 Et
1003 3125 1096 3195 tunc,
1113 3121 1157 3203 ut
1177 3114 1304 3202 quidam

273 3222 401 3301 dicunt,
427 3244 586 3290 numerus
611 3245 706 3290 sacer
730 3223 951 3289 cardinalium
971 3223 1150 3290 ordinatus
1174 3221 1252 3298 luit,
1271 3224 1306 3286 ut

272 3349 392 3414 papam
412 3330 452 3395 de
467 3338 579 3396 cetero
597 3331 763 3418 eligerent
776 3336 810 3396 et
823 3335 1012 3396 seruarent.

317 3650 415 3715 Anno
430 3652 562 3716 Domini
585 3651 864 3738 octingentesimo
883 3656 918 3718 et
939 3647 1097 3727 secundo,
1119 3647 1267 3714 Karolus
1280 3646 1304 3721 1,

273 3776 361 3823 anno
377 3758 473 3843 regni
489 3758 541 3822 sui
555 3759 726 3824 tricesimo
740 3758 856 3835 tertio,
873 3776 893 3821 a
909 3756 1021 3822 Leone
1036 3755 1085 3821 lV
1101 3772 1202 3841 papa,
1222 3749 1307 3819 omni

272 3863 393 3950 populo
407 3862 553 3939 uolente,
570 3870 604 3928 et
619 3862 735 3929 laudes
757 3862 948 3949 imperiales
963 3865 1106 3928 canente
1120 3880 1196 3926 cum
1210 3857 1308 3925 bene

274 3968 489 4046 dictionibus,
508 3975 702 4035 coronatur.

319 4076 500 4145 Debellatis
533 4075 639 4163 igitur
674 4075 914 4154 Orientalibus,
941 4071 1148 4140 iherusalem
1173 4090 1307 4163 peregre
