2970 5430
335 614 579 683 Constantinus
595 613 642 690 11,
658 611 843 680 Romanus.
855 610 1001 683 -Sadit
1011 634 1104 684 anno
1119 635 1203 699 uno,
1217 636 1320 687 unauna

291 721 453 789 uno.th
474 718 539 787 tuit
559 718 678 798 laicus,
695 723 730 786 at
747 719 859 787 subito
880 720 1062 809 presbyter
1085 720 1214 807 taetus,
1226 744 1320 815 paun-

289 834 347 898 tus
368 829 508 894 inuason
524 825 607 905 iuit;
635 825 693 892 sad
707 825 779 894 zelo
793 825 955 908 fidolium,
973 830 1262 915 oouiis'orbatun.
1283 831 1318 901 ab

289 936 431 1005 ecclesia
446 935 592 1002 eiicitur.

332 1043 523 1131 Stephanus
540 1042 605 1120 ΙΙΙ,
623 1041 767 1108 Siculus.
781 1041 931 1110 -Sedit
952 1044 1053 1111 annis
1065 1044 1195 1127 tribua,
1207 1048 1314 1115 manni

285 1151 347 1218 bus
362 1151 521 1237 quinqua,
538 1148 656 1216 diebus
686 1155 813 1237 septem
831 1154 866 1217 at
878 1152 1027 1239 uigenti;
1042 1155 1196 1225 cessauit
1210 1154 1311 1223 disin

285 1278 418 1325 nouam.
434 1258 498 1323 Hic
515 1276 558 1324 ax
569 1255 681 1322 Gallia
697 1262 732 1324 et
745 1256 863 1326 Ytalia
879 1261 1083 1328 conuocauit
1097 1260 1310 1350 synodumat

284 1381 400 1429 omnes
414 1360 683 1449 apredacassone
701 1361 877 1431 ordinatos
898 1363 1129 1437 deordinanit.

630 1685 683 1752 De
706 1685 969 1772 imperatoribus.

228 1924 261 1979 10
325 1906 389 1972 Hic
416 1905 566 1991 loquitur
594 1902 635 1971 de
663 1906 924 1992 imperatoribus
952 1910 1031 1994 post
1058 1904 1295 1976 Constantiana

278 2013 472 2100 pessimum,
492 2012 549 2098 qui
564 2012 702 2098 quintus
722 2011 894 2079 scribitur.

322 2119 390 2185 Leo
420 2118 480 2184 IV.
508 2154 552 2170 -
576 2117 777 2204 Concupiuit
805 2137 964 2186 coronam
991 2119 1126 2189 cuidam
1151 2118 1292 2195 omissio:

275 2246 375 2313 quam
391 2246 492 2312 quum
516 2230 657 2313 poneret
676 2245 777 2312 super
790 2230 904 2313 caput,
930 2227 1049 2295 statim
1065 2226 1161 2296 fabra
1180 2244 1293 2313 oomn-

274 2336 343 2411 tus‚
360 2333 516 2400 moritur.

319 2438 564 2506 Constantinus
586 2439 648 2516 VI,
679 2437 769 2504 filius
796 2439 932 2507 Leonis.
959 2475 1004 2492 -
1030 2440 1217 2529 Imparauit
1235 2454 1290 2506 ona

273 2550 383 2611 matre
402 2565 464 2610 sua
477 2545 633 2623 Yrenea;
656 2543 801 2630 sedquia
815 2550 958 2614 matram
979 2546 1141 2634 priuabat
1161 2544 1289 2635 imponit,

271 2652 346 2739 ipso
362 2671 503 2718 rannone
520 2650 698 2717 stimulata
713 2649 855 2718 femineo
871 2652 977 2721 tilium
995 2653 1104 2722 oculis
1118 2652 1291 2745 prinanitat

272 2765 427 2843 mortuus
441 2764 507 2837 est,
523 2761 558 2824 et
574 2759 622 2824 sic
634 2757 707 2824 sola
719 2758 911 2846 imperauit.

318 2973 426 3040 Huius
446 2973 663 3040 Constantini
679 2974 787 3060 primo
808 2993 909 3052 anno,
928 2973 1043 3043 littera
1060 2974 1290 3045 numisma

218 3111 253 3171 ρο
272 3081 410 3149 fuerunt
430 3082 465 3146 in
491 3079 635 3167 quodam
662 3079 851 3167 sepulchro,
871 3100 946 3146 cum
971 3080 1116 3168 quodam
1141 3081 1288 3153 donna.

271 3190 328 3275 qui
350 3188 528 3255 defunctus
552 3186 677 3264 fuerat,
698 3191 735 3253 nt
755 3185 917 3264 creditur,
943 3191 1024 3254 anta
1044 3186 1289 3257 incarnationem

271 3297 398 3384 Xpisti.
417 3296 516 3362 Tales
535 3299 634 3360 erant
657 3293 798 3361 littera:
825 3322 840 3349 a
865 3294 1009 3379 Xpistus
1030 3312 1075 3360 ax
1099 3292 1224 3373 Maria,
1242 3288 1290 3357 un

274 3433 288 3458 ι
307 3403 385 3490 gine
401 3408 436 3469 et
450 3407 571 3476 matre,
588 3406 760 3478 nascetur,
777 3402 812 3466 et
826 3398 926 3465 credo
937 3399 973 3464 in
985 3419 1075 3467 eum.
1090 3398 1204 3469 anl!
1218 3398 1290 3467 Tan·

274 3538 289 3563 a
307 3527 388 3594 pona
408 3507 624 3575 Constantini
640 3506 688 3572 VI
710 3511 745 3574 et
766 3505 936 3592 Hyrenae,
949 3504 1073 3573 matris
1096 3526 1171 3588 sua,
1189 3506 1288 3577 itanu

274 3644 289 3671 a
307 3634 361 3680 ma
376 3612 517 3679 uidebis.
538 3642 553 3670 n

316 3720 445 3787 Horum
468 3724 630 3806 tempore,
657 3717 749 3785 iacta
772 3724 825 3786 est
845 3716 996 3805 synodus
1024 3718 1186 3789 Nithooa.
1343 3790 1345 3799 ,

316 3827 379 3895 1110
403 3834 566 3914 tempore,
589 3826 639 3893 sol
661 3826 861 3894 obscuratus
882 3831 936 3894 est
958 3844 1020 3912 pan
1033 3823 1108 3894 dias
1128 3822 1288 3897 outodatn'ss
1343 3810 1345 3829 ¹

271 3940 306 4005 at
319 3955 387 4003 non
405 3933 600 4023 apparebat.
1147 3996 1156 4007 ,

315 4047 488 4135 Hynanea,
503 4048 636 4111 mortuo
651 4043 875 4112 Constantino
888 4044 920 4111 V
922 4044 952 4122 1,
965 4047 1001 4112 et
1010 4046 1050 4111 ut
1065 4045 1288 4127 senunnsnn·

220 4161 253 4220 ³0
271 4161 382 4235 naret,
416 4153 523 4221 tilium
553 4151 782 4232 Constantini,
815 4153 868 4219 sui
898 4151 972 4233 tilii,
1006 4152 1114 4220 oeulis
1147 4146 1286 4243 asinali·
