2918 5046
320 792 382 860 llio
406 798 570 883 temporo,
599 794 776 862 Eduardns
799 814 862 863 rex
882 794 988 865 filiam
1010 816 1110 867 ruam
1136 800 1257 869 comiti
1275 796 1316 867 rb

275 902 364 968 Baro
378 900 470 970 dcdit
484 904 520 969 in
531 923 683 971 uxorem.

317 1007 416 1074 Anno
453 1010 584 1075 Domini
620 1010 799 1077 millesimo
838 1009 1071 1081 docontosimo
1094 1014 1315 1103 monogenin

272 1122 406 1202 quarto,
424 1116 614 1197 Eduardns‚
630 1138 693 1185 rox
703 1118 904 1206 Anglornm‚
919 1138 980 1207 por
994 1118 1147 1187 barocco
1165 1120 1315 1189 Franco·-

272 1244 347 1291 rum
373 1225 543 1292 iudicatur
568 1230 697 1293 terram
721 1246 817 1293 suam
847 1246 948 1313 qnam
974 1226 1017 1296 dc
1039 1246 1152 1317 regno
1170 1226 1316 1297 'Fando

271 1328 410 1399 tenebat
422 1331 624 1414 ammittere,
645 1335 680 1399 et
691 1336 760 1399 tam
776 1350 875 1417 quam
883 1332 1040 1421 proditor
1055 1334 1154 1423 regio
1163 1332 1317 1403 nm

271 1458 359 1518 rum,
378 1441 430 1507 sui
443 1439 582 1518 domini,
595 1440 630 1505 in
646 1437 728 1527 suga
738 1460 823 1507 osse.

315 1546 378 1611 llio
390 1550 553 1633 tempore,
580 1552 748 1613 nonerunt
767 1544 902 1613 domino
925 1548 999 1637 rogi
1015 1548 1236 1617 Francorum
1256 1550 1318 1619 ni·

270 1652 369 1731 darii,
400 1652 519 1719 Uenet‘
494 1653 567 1732 tici,
589 1657 623 1719 ot
641 1652 806 1733 Genetioi,
830 1654 976 1723 scientos
994 1652 1171 1723 debellare
1192 1660 1237 1725 ot
1261 1654 1320 1723 do·

215 1767 250 1824 10
270 1759 406 1826 fondere
448 1780 484 1825 so
511 1760 545 1824 in
584 1760 684 1837 mari,
723 1760 781 1846 qui
822 1760 949 1828 multas
982 1778 1091 1827 nanos
1129 1762 1316 1903 angiorum

268 1866 344 1933 dest
330 1871 525 1933 taruxerun

313 1974 412 2040 lllot
397 1978 559 2060 tompore,
588 1974 718 2051 Emmo,
745 1970 854 2040 irater
881 1972 1042 2055 Eduardi,
1069 1974 1316 2045 amoram·

268 2080 424 2158 Francia,
457 2080 621 2147 transicit
653 2080 688 2143 in
715 2080 887 2166 Angliam.
917 2079 1074 2149 Habebat
1106 2082 1146 2147 in
1175 2100 1315 2151 oxom

266 2194 409 2255 matrem
424 2187 556 2253 domine
569 2187 688 2283 regino
700 2186 856 2265 Francia,
874 2207 937 2273 quc
952 2194 1065 2254 mator
1074 2188 1113 2253 in
1129 2188 1317 2279 Campania

265 2296 442 2363 Gallicana
458 2295 570 2362 dotem
586 2293 745 2373 tenebat;
765 2301 800 2361 et
813 2302 896 2361 tnnc
916 2294 1056 2363 donauit
1076 2296 1115 2363 in
1127 2292 1314 2365 dominium

265 2406 356 2491 rogis
370 2405 588 2469 Francorum.

310 2512 373 2577 Illo
391 2518 554 2598 tempore,
580 2530 691 2576 comos
713 2508 872 2576 Flandrio
895 2507 1054 2596 cupiobat
1077 2506 1190 2577 filiam
1218 2528 1313 2579 om

265 2618 335 2685 filio
348 2618 496 2685 Edaardi
511 2618 604 2697 dare,
626 2626 661 2685 ot
689 2619 729 2684 de
746 2618 821 2704 ipsa
839 2638 914 2683 cnm
928 2636 1009 2705 rego
1022 2616 1220 2705 Anglomm
1239 2636 1314 2687 oo*

265 2728 442 2794 uenriones
459 2725 548 2792 iecit.
562 2723 656 2800 Quod
669 2726 741 2813 rogi
751 2726 960 2791 Francorum
970 2722 1163 2811 displicuit,
1179 2730 1219 2795 et
1238 2724 1314 2793 ideo

207 2847 244 2906 ao
264 2838 419 2904 comitem
443 2836 478 2900 in
502 2834 650 2923 prisione
675 2831 833 2899 detinuit.
851 2832 915 2907 Qui
930 2836 1052 2918 postea
1073 2828 1313 2901 liberatum

263 2965 337 3013 cum
359 2944 509 3011 maxima
531 2940 685 3019 emenda,
712 2942 822 3029 primo
845 2937 951 3006 filiam
980 2938 1017 3005 in
1043 2926 1202 3007 dominio
1221 2938 1311 3029 rega

263 3053 471 3121 Francorum
487 3048 628 3117 tradita.

306 3267 369 3334 Illo
384 3270 546 3353 tompore,
565 3284 676 3331 comes
687 3260 727 3329 dc
744 3262 866 3339 Borro,
878 3258 1008 3329 naboon
1018 3258 1128 3329 fllium
1141 3258 1306 3341 nonni.

262 3380 382 3440 contra
393 3393 506 3462 regem
523 3374 730 3439 Francorum
743 3367 934 3436 debellauit.

307 3480 370 3546 Illo
393 3490 557 3569 tompore,
583 3479 739 3544 dominns
763 3474 804 3541 do
836 3474 1034 3555 castiliono,
1059 3476 1120 3563 qni
1146 3476 1305 3545 Modo

261 3590 467 3666 nominatur,
493 3588 591 3654 duxit
613 3586 799 3652 exercitum
831 3604 893 3671 pro
917 3602 998 3672 rogo
1028 3582 1244 3653 Francorum
1261 3582 1304 3653 d

260 3696 529 3764 custodiendost
514 3696 678 3763 terminos
704 3694 801 3781 regni
826 3694 917 3759 inter
938 3690 1228 3779 campaniaci
1243 3692 1304 3761 la·

260 3806 550 3997 mallilirimompore,
564 3910 636 3975 iiiia
654 3908 801 3995 Philippi
823 3906 1040 3993 imperatoris
1055 3830 1305 3975 mummo-

206 4031 239 4088 30
258 4020 344 4107 polis
359 4040 402 4085 ox
424 4018 496 4083 fllia
512 4018 602 4103 rogis
617 4014 730 4081 Sicilie
746 4012 865 4080 Karoli
883 4012 997 4099 primi,
1012 4010 1118 4079 uenit
1121 4010 1160 4079 in
1172 4008 1304 4081 (iffi

258 4128 300 4196 ad
311 4148 424 4216 regern
435 4128 655 4203 Francorum,
670 4142 811 4211 sperans
821 4138 882 4208 por
892 4122 1001 4209 ipsum
1015 4132 1303 4211 rogomnponu
