2918 5046
699 466 857 525 4oe-

262 598 368 662 tatem
388 592 616 674 adduxerunt,
634 600 829 661 retrouersa
844 592 928 662 iatie
940 591 1076 674 cameli,
1093 592 1229 663 eandm
1239 600 1282 661 te·

262 724 358 781 nens,
375 708 411 771 et
427 709 508 770 tunc
522 704 557 768 in
573 721 742 769 carcerem
764 701 911 787 ponitur.
928 700 973 769 in
988 702 1040 767 sic
1055 700 1149 769 istud
1165 720 1282 791 pronor-

262 808 365 886 bium,
393 807 495 873 immo
515 806 621 885 trusa,
650 808 754 873 Rome
780 805 978 874 deducitur:
1010 806 1118 875 Asine
1140 806 1280 881 nordio.

262 916 359 981 asino
371 912 532 981 Burdino.

309 1020 377 1088 Sub
392 1022 458 1088 isto
478 1019 614 1088 calixto
630 1020 676 1098 11,
693 1019 776 1085 ordo
795 1020 1049 1107 Templatorum
1070 1041 1116 1089 ex
1134 1018 1281 1089 militibus

261 1128 397 1215 incepit.
417 1126 479 1193 llio
494 1132 657 1214 tempore,
687 1126 743 1212 qui
762 1126 917 1194 calixtus
934 1128 1109 1213 gratiosus
1130 1134 1168 1197 et
1189 1132 1282 1197 nitio·

260 1238 371 1303 riosus
385 1241 480 1313 cret;
495 1240 530 1301 et
547 1255 590 1299 ex
604 1240 714 1301 matre
733 1253 913 1321 exgenere
934 1236 1158 1303 Francorum.

303 1343 471 1409 Henricus
487 1344 672 1427 imperator
695 1342 828 1407 ueniam
852 1342 965 1428 petiit,
993 1362 1077 1429 paco
1102 1342 1283 1413 redditast

258 1450 412 1517 omnibus
431 1448 669 1516 ecclesiasticis
685 1447 827 1515 redditis
843 1450 878 1514 in
899 1448 1077 1517 uoluntate
1087 1469 1187 1539 pape.

210 1669 242 1725 n)
303 1663 367 1731 illo
385 1669 548 1751 tempore,
571 1662 725 1730 calixtus
737 1664 915 1730 constituit
932 1662 1285 1751 Compostenanemen

259 1774 450 1860 episcopum
477 1770 764 1857 archiepiscopum
790 1790 878 1849 esse,
907 1772 971 1838 sibi
996 1771 1166 1841 subitiens
1191 1776 1284 1841 totu

258 1881 463 1969 prouintiam
479 1898 539 1967 pro
552 1879 747 1945 reuerentia
768 1880 919 1965 corporis
931 1880 1042 1947 sancti
1059 1878 1188 1959 iacobi,
1201 1898 1287 1967 opos·

258 1990 333 2067 toli,
346 1988 391 2054 ibi
407 1988 620 2073 quiescentis.

303 2096 366 2163 illo
381 2102 543 2183 tempore,
559 2094 730 2161 Lucanum
747 2096 939 2183 episcopum
956 2096 1077 2165 decore
1088 2096 1192 2185 pallei
1204 2095 1288 2165 deon·

258 2206 361 2271 rauit.

303 2312 481 2388 Henricns,
503 2312 581 2397 quia
595 2313 725 2397 patrem
741 2309 879 2391 leserat,
893 2313 961 2381 cito
973 2310 1058 2381 obiit
1074 2312 1288 2382 etsinehere·

257 2418 366 2485 dibus.
391 2417 575 2486 Lotharius
597 2420 760 2485 successit
774 2420 843 2487 dux
862 2418 1285 2509 Saxoniedlemannieqne.

302 2633 365 2699 lilo
379 2638 541 2719 tempore,
557 2634 655 2721 lingo
665 2634 705 2700 dc
715 2636 992 2703 Sancto-Victore
1005 2634 1124 2706 floruit
1138 2638 1176 2705 in
1186 2632 1288 2707 studio

259 2741 456 2820 Parisiensi,
473 2749 508 2808 et
518 2740 624 2808 multa
640 2743 785 2829 scripsit.

608 3026 661 3093 Dc
672 3047 750 3113 reqc
765 3028 942 3097 erdouico.

300 3264 399 3329 rinno
422 3262 553 3328 Domini
582 3263 761 3330 millesimo
790 3266 975 3331 centesimo
996 3262 1208 3343 duodecimo.
1231 3262 1290 3333 inii

258 3390 381 3456 magna
395 3372 584 3455 persecutio
599 3370 815 3457 interregem
832 3370 1036 3439 Ludouicum
1052 3390 1097 3439 ex
1108 3378 1287 3462 nuenario,

257 3484 292 3541 et
315 3496 427 3561 regem
456 3477 641 3563 Anglorum
667 3483 702 3544 et
727 3478 882 3543 comitem
913 3476 1109 3565 Campania,
1142 3484 1289 3567 nepum

258 3602 368 3657 suum,
383 3602 426 3645 en
445 3582 570 3653 altero.
582 3582 679 3649 Vnde
710 3586 918 3651 monasteria
933 3593 968 3652 et
990 3584 1154 3653 ecclesias
1168 3584 1291 3655 dentre·

258 3698 373 3755 untur.
392 3690 485 3755 Tunc
502 3692 684 3771 Arnoidus,
710 3692 814 3759 abbas
828 3694 1162 3775 naunotonensi-moi,
1191 3696 1291 3763 mnni-

259 3802 323 3867 mis
335 3798 489 3885 burgiam
519 3798 657 3867 fossatis
672 3807 708 3867 et
721 3800 836 3867 multis
851 3800 1104 3869 defensionibus
1123 3810 1161 3871 et
1185 3820 1292 3871 monn·

259 3907 312 3973 rhi
333 3904 561 3981 orationibus;
589 3910 694 3975 etsie
717 3916 901 3977 euaserunt
920 3910 1081 3997 pericula,
1111 3912 1291 3983 auxitan

260 4016 328 4083 Deo
342 4018 376 4081 et
391 4012 527 4079 domino
541 4014 746 4085 [isimberto.
