2918 5046
697 428 858 489 -eoe-

256 560 328 627 iste
361 555 446 627 ooo
475 557 505 636 Ι,
540 558 663 644 pacato
691 554 815 635 Italia,
848 552 949 625 duxit
982 574 1125 627 uxorem
1159 558 1269 649 Longo

255 662 409 743 bardam,
432 682 476 729 ex
504 681 571 750 qua
596 662 715 751 genuit
734 660 841 729 filium
865 662 1002 731 nomine
1033 662 1204 745 Ootonem.
1229 666 1270 735 ai

254 771 350 839 dedit
377 770 412 836 in
439 788 578 836 uxorem
608 767 714 836 filiam
741 768 959 858 imperatoris
983 768 1270 863 Constantinopoli·

254 877 340 945 tani.
364 875 491 943 Deinde
506 881 646 964 propter
670 874 941 945 emendationem
956 876 1196 957 Romanorum,
1211 898 1269 967 nepo

256 984 399 1051 Romam
430 985 589 1064 ueniens,
615 984 723 1051 multa
750 982 840 1052 dona
864 984 1018 1051 eeclesiis
1046 984 1268 1067 distsibuitet

256 1093 363 1161 multa
401 1094 604 1181 pauperibus
645 1094 825 1181 erogauit,
861 1092 1071 1181 multumque
1109 1114 1170 1183 pro
1205 1114 1267 1183 piei

255 1200 405 1268 Eooiesie
428 1200 610 1268 laborauit.
635 1198 688 1266 Ad
703 1204 818 1288 partes
840 1220 921 1266 suas
935 1198 1068 1265 demum
1090 1198 1268 1277 redimit

255 1305 367 1373 alodio
379 1327 439 1373 suo
455 1306 651 1393 Meydebnt,
663 1306 838 1373 eeclesiam
853 1304 1268 1394 pulchemimaminhooom

256 1414 366 1481 saneti
389 1414 544 1481 Mauritii
566 1412 760 1492 fabricauit,
781 1418 816 1481 et
836 1413 954 1481 multis
969 1410 1269 1499 possessionibmot

204 1507 237 1565 ¹⁰
256 1520 386 1590 diuitiis
400 1522 588 1608 ampliauit.
605 1518 822 1607 ibisepeliuit
834 1518 1054 1587 Benedietnm
1072 1538 1192 1607 papam
1208 1514 1266 1585 vll.

256 1628 435 1696 conuertit
461 1627 503 1693 ad
533 1628 693 1713 Xpistum
725 1626 977 1695 multitudinem
1001 1644 1207 1715 paganorum
1228 1622 1268 1711 qui

256 1740 339 1801 tuno
365 1739 465 1801 erant
488 1733 523 1799 in
553 1732 715 1799 Saxonis.
742 1733 825 1799 Post
857 1731 932 1811 hee,
962 1732 1149 1819 imperator
1176 1730 1268 1821 pisum

257 1840 355 1907 bonis
379 1839 534 1928 operibus
550 1838 730 1905 defunctus
741 1844 807 1917 est,
830 1844 866 1906 et
887 1840 922 1906 in
942 1834 1269 1907 ecclesiasmsmi

257 1946 413 2013 Mauritii
425 1950 479 2013 est
491 1945 655 2032 sepultus.
673 1945 736 2013 Cui
752 1947 939 2015 suecessit:

303 2052 388 2121 Octo
404 2054 451 2133 11,
469 2052 559 2120 filius
575 2074 668 2120 suus.

304 2398 404 2462 Anno
430 2397 562 2463 Domini
590 2396 885 2484 noningentesimo
915 2396 1130 2483 sexagesimo
1153 2396 1269 2467 uun.

260 2502 349 2569 siout
373 2502 561 2589 supradixi,
586 2502 671 2570 obiit
699 2504 857 2571 dominus
882 2503 1080 2582 Austasius,
1096 2495 1270 2571 Senonemi

260 2608 545 2696 archiepiscopus,
562 2615 597 2678 et
613 2612 777 2697 sepelitur
791 2610 826 2674 in
839 2610 1046 2677 monasterio
1058 2600 1271 2677 saneti-Psoi·

263 2714 354 2793 Uiui,
374 2716 409 2780 in
425 2736 490 2802 quo
506 2737 595 2783 nunc
617 2716 779 2804 temporis
798 2736 871 2782 mos
892 2720 968 2781 erat
982 2708 1272 2803 archiepiscopos&

206 2818 244 2876 20
261 2842 341 2889 suos
371 2821 517 2889 famulos
543 2822 691 2909 sepeliri.
722 2822 820 2889 Vixit
843 2819 931 2886 idem
957 2822 994 2887 in
1011 2816 1271 2909 arehiepisoooeii

261 2930 362 2995 onnis
391 2927 557 3011 undecim,
577 2949 692 2995 mense
714 2948 795 3005 uno,
810 2927 928 2993 diebus
951 2926 1129 2995 tredecim.
1146 2918 1271 2995 flabeio
1292 2936 1295 2941 '

261 3035 349 3103 idem
364 3034 569 3102 uenerabilis
589 3040 686 3123 pater
712 3052 862 3101 sororem
878 3034 913 3099 in
928 3034 1137 3103 monasterio
1161 3032 1276 3103 Sunii·

265 3144 365 3209 Fare.
387 3144 449 3209 Cui
466 3144 624 3229 apparuit
641 3141 782 3229 angelus
806 3140 879 3219 Dei,
898 3140 935 3206 in
953 3146 1053 3207 noete
1077 3138 1189 3209 obitus
1207 3134 1281 3205 illio

263 3254 372 3341 patris
392 3252 534 3319 dicens:
565 3252 666 3319 -Cur
686 3250 834 3318 tardatis
852 3254 888 3317 et
907 3269 976 3316 non
999 3250 1143 3337 surgitis
1162 3244 1286 3317 leodii·

263 3358 455 3445 Xpistumi
483 3360 606 3425 Sciatis
632 3358 711 3445 quia
743 3358 808 3425 hao
835 3361 933 3426 noete
958 3358 1156 3439 Ansinsim,
1186 3338 1292 3445 M

261 3463 448 3544 confessor,
468 3468 628 3533 transsiit
651 3486 694 3533 ex
713 3465 777 3531 hoc
793 3464 930 3543 mundo,
947 3468 983 3533 et
996 3483 1130 3551 sempor
1144 3446 1302 3553 gaudebii

262 3572 297 3637 in
321 3572 463 3639 Domino
479 3574 672 3641 Snluatore.
689 3602 704 3629 ι
723 3574 816 3639 Tune
828 3576 1051 3639 surrexerunt
1064 3570 1134 3637 Deo
1154 3566 1306 3637 mmm·

262 3684 298 3745 ot
313 3679 412 3746 sicuti
423 3678 464 3745 de
483 3700 549 3747 uuo
565 3679 759 3747 consessore
778 3677 923 3745 offitium
945 3676 1209 3765 compleuerant
1226 3670 1306 3743 110

263 3790 402 3870 totoque
436 3786 533 3865 hora,
568 3788 735 3854 miseruut
758 3786 901 3855 Senonis
925 3784 1028 3853 huius
1054 3784 1107 3853 rei
1134 3778 1306 3871 inquiross

209 3896 244 3953 ³0
263 3894 456 3969 ueritatem,
472 3900 508 3961 et
520 3894 648 3961 obitum
662 3896 877 3977 inuenerunt,
897 3894 986 3961 sicut
1002 3892 1062 3959 Dei
1076 3890 1202 3959 aneilla
1210 3874 1306 3957 uiffl

262 4005 318 4068 rat
329 4000 507 4067 uisionem.
525 4002 608 4070 Post
623 4004 807 4071 transitum
819 4021 901 4070 uero
916 4002 1030 4079 istius,
1041 3999 1185 4069 emissio
1194 3994 1306 4097 Seu?

263 4109 379 4175 nensis
394 4106 460 4177 suit
473 4110 600 4197 absque
618 4110 852 4179 benedictione
874 4106 1044 4197 pontificis
1067 4124 1173 4195 usqne
1195 4096 1306 4173 tomi
