2970 5430
727 528 862 580 -ssg-

270 642 430 729 losoplrus
449 641 588 710 effectus
614 651 678 710 est.
711 647 860 734 Denique
877 670 951 715 cum
972 653 1148 720 Barnabas
1169 655 1311 722 Romam

269 751 431 827 uenisset,
444 750 585 817 etfidem
602 754 716 838 Xpisti
734 755 953 840 predicasset,
970 758 1128 825 Clemens
1146 760 1223 846 plus
1235 781 1312 827 eum

270 857 357 942 quod
370 859 475 924 ceteri
485 857 671 926 deridebat.
687 861 747 925 Die
761 862 915 947 quadem,
929 863 1087 931 deridens
1105 865 1311 945 Barnabam,

271 963 352 1031 iecit
376 966 585 1049 questionem
613 966 654 1031 de
681 968 878 1053 quibusdam
904 974 1071 1038 creaturis
1091 975 1311 1040 Naturantis.

271 1072 458 1158 Respondit
489 1073 664 1138 Barnabas
693 1095 700 1138 :
737 1104 751 1129 a
781 1075 829 1138 Tu
861 1077 917 1160 qui
943 1076 1140 1145 Creatorem
1171 1079 1349 1166 ignoras·

273 1209 287 1234 a
306 1200 370 1265 quo
399 1179 497 1245 modo
539 1179 579 1245 de
616 1182 783 1247 creaturis
822 1182 1042 1271 interrogas?
1071 1217 1085 1242 n
1116 1187 1213 1254 Tunc
1235 1188 1313 1255 Cle-

270 1305 365 1351 mens
407 1293 541 1352 secutus
581 1292 635 1352 est
670 1287 873 1366 Barnabam,
911 1296 948 1357 et
988 1291 1087 1358 fldem
1117 1293 1233 1381 Xpisti
1269 1295 1312 1361 ab

271 1412 310 1457 eo
329 1391 463 1471 didicit;
490 1399 524 1459 et
552 1399 671 1478 postea
698 1395 733 1457 in
762 1394 899 1459 Iudeam
925 1396 968 1462 ad
992 1398 1130 1465 Petrum
1146 1390 1311 1487 perrexit,

271 1504 305 1564 et
340 1519 420 1563 suus
450 1497 589 1565 effectus
630 1505 684 1566 est
718 1520 820 1565 uerus
850 1500 1047 1588 discipulus.
1080 1505 1247 1575 Narrauit
1278 1513 1313 1575 et

219 1611 251 1665 lo
271 1605 338 1668 iam
365 1605 520 1691 quicquid
545 1605 585 1670 de
610 1615 718 1672 matre
744 1613 778 1672 et
804 1605 969 1674 fratribus
995 1617 1030 1676 et
1058 1616 1154 1696 patre
1178 1614 1315 1680 contin·

271 1715 381 1796 gerat.
397 1710 490 1784 Quod
511 1711 650 1777 audiens
670 1714 793 1778 Petrus
814 1714 1012 1781 lacrimatus
1039 1722 1102 1783 est.
1130 1717 1206 1782 Illic
1226 1737 1315 1784 uero

272 1815 328 1880 ubi
352 1822 450 1883 erant
475 1817 597 1883 Petrus
620 1823 655 1884 et
674 1817 840 1896 Clemens,
857 1821 1015 1887 manebat
1031 1827 1143 1888 mater
1157 1821 1315 1888 Clemen-

272 1925 330 2001 tis,
344 1945 442 2009 quarn
467 1925 598 1991 inuenit
623 1926 746 1991 Petrus
768 1931 802 1992 et
828 1928 964 1993 sanauit
987 1947 1060 1991 eam
1089 1947 1110 1992 a
1135 1927 1310 2014 paralipsi.

273 2032 316 2097 llt
333 2031 406 2116 ipsa
431 2029 645 2097 dixit-Petro
673 2030 751 2115 quid
777 2031 840 2095 sibi
866 2031 1036 2098 acciderat
1057 2031 1098 2098 de
1116 2031 1209 2098 filiis.
1223 2034 1315 2099 Tunc

273 2138 433 2222 cognouit
448 2138 571 2204 Petrus
595 2157 669 2202 eam
693 2137 779 2222 quod
805 2144 915 2204 mater
934 2144 987 2206 est
1003 2139 1200 2206 Clementis.
1223 2141 1315 2218 Tunc

274 2243 397 2308 Petrus
409 2263 482 2307 eam
498 2245 586 2328 cepit
603 2264 662 2329 per
677 2263 824 2320 manum,
840 2249 875 2309 et
891 2243 1033 2310 adduxit
1050 2264 1123 2310 eam
1135 2245 1178 2311 ad
1193 2266 1312 2313 nauem

274 2368 335 2434 per
355 2370 454 2436 quam
474 2350 633 2416 uolebant
651 2352 718 2417 iter
743 2352 905 2437 arripere.
923 2351 1052 2416 Videns
1071 2351 1227 2417 Clemens
1250 2352 1315 2418 Pe-

275 2463 378 2532 trum,
393 2455 566 2520 mulierem
588 2455 777 2530 ducentem,
795 2456 939 2523 ridebat.
957 2458 1050 2523 Tunc
1062 2456 1150 2524 dixit
1168 2459 1312 2525 Petrus:

277 2590 292 2615 u
315 2560 481 2637 Clemens,
506 2580 581 2626 ecce
614 2567 724 2628 mater
747 2568 820 2640 tua,
847 2582 933 2626 uxor
956 2563 1184 2641 Faustiniani,
1207 2565 1314 2650 patris

222 2693 257 2746 ‘20
278 2697 293 2722 a
319 2669 382 2733 tui.
404 2667 505 2731 »Hoc
522 2666 649 2744 audito,
669 2672 779 2733 mater
791 2669 908 2734 statim
920 2669 955 2732 in
970 2668 1145 2754 amplexus
1156 2670 1231 2734 eius
1246 2669 1315 2736 ruit

276 2781 310 2840 et
325 2773 443 2839 crebro
451 2774 596 2839 osculari
606 2775 705 2860 cepit.
719 2774 873 2840 Clemens
887 2795 979 2852 uero,
990 2774 1131 2840 credens
1141 2794 1216 2840 eam
1230 2776 1316 2840 insa·

278 2883 440 2958 niantem,
458 2900 532 2945 cum
543 2879 776 2965 indignatione
785 2880 981 2966 repellebat.
998 2881 1121 2947 Petrus
1132 2885 1216 2947 tunc
1229 2880 1315 2946 dixit

277 2991 307 3055 ei
325 3008 333 3053 :
358 3019 372 3043 a
390 2988 467 3054 Noli
488 2992 630 3053 matrem
654 2987 827 3072 repellere.
844 3017 858 3042 n
876 2986 970 3060 Quod
985 3007 1059 3051 cum
1078 2986 1231 3053 audisset
1241 2985 1315 3053 Cle-

278 3119 383 3174 ruens,
415 3097 573 3181 cognouit
592 3101 748 3172 matrem,
771 3097 806 3159 et
820 3114 879 3179 pre
907 3092 1031 3178 gaudio
1058 3092 1312 3168 lacrimabatur,

277 3207 408 3292 gratias
433 3224 538 3290 agens
559 3204 713 3268 Domino.
741 3203 834 3266 Tunc
848 3207 947 3267 erant
964 3201 1122 3269 absentes
1137 3201 1261 3268 Niceta
1283 3209 1315 3265 et

276 3312 410 3396 Aquila,
423 3309 576 3395 discipuli
592 3309 680 3373 beati
691 3309 796 3373 Petri.
812 3308 874 3381 Qui
890 3327 964 3371 cum
974 3308 1160 3383 uenissent,
1172 3318 1208 3372 et
1219 3305 1316 3372 vidis

278 3423 354 3484 sent
380 3417 552 3481 mulierem
573 3416 670 3481 iuxta
695 3414 902 3480 Clementem
930 3414 1112 3479 dixerunt:
1135 3442 1149 3468 u
1173 3413 1244 3487 Que
1266 3415 1316 3478 est

279 3522 368 3588 istal
386 3553 401 3578 n
421 3521 576 3587 Clemens
598 3521 708 3586 dixit:
729 3549 743 3575 a
760 3520 872 3585 Mater
891 3541 967 3585 mea
988 3525 1052 3586 est.
1069 3549 1084 3574 n
1101 3519 1144 3584 Et
1163 3519 1317 3584 narrauit

279 3630 328 3695 eis
344 3629 456 3694 omnia
476 3647 539 3712 que
564 3625 627 3690 sibi
650 3630 836 3692 euenerant
858 3627 892 3689 in
911 3626 1018 3690 Roma
1048 3629 1082 3690 et
1107 3625 1142 3687 in
1168 3625 1256 3690 mari
1285 3628 1318 3689 et

226 3758 259 3814 30
280 3737 314 3800 in
352 3735 410 3800 illo
451 3735 535 3800 loco.
571 3734 664 3798 Tunc
701 3733 823 3798 Niceta
858 3738 893 3798 et
931 3731 1053 3815 Aquila
1088 3735 1317 3814 cognoberunt

280 3849 423 3909 matrem
452 3861 547 3905 suam
582 3845 617 3905 et
636 3839 841 3905 Clementem
867 3837 1008 3904 fratrem
1037 3856 1146 3912 suum,
1164 3840 1200 3902 et
1222 3833 1318 3900 dixe-

280 3955 383 4016 runt:
406 3979 420 4003 u
440 3949 511 4014 Nos
529 3966 643 4010 sumus
666 3946 850 4010 Faustinus
875 3948 910 4009 et
933 3942 1092 4008 Faustus.
1110 3971 1124 3996 n
1150 3940 1245 4006 Tune
1266 3941 1317 4004 in·

280 4057 379 4122 simul
406 4075 443 4119 se
470 4057 711 4141 cognoscentes
733 4049 942 4137 gaudebant,
963 4053 999 4114 et
1017 4046 1147 4132 gratias
1177 4048 1317 4130 egerunt

281 4162 432 4229 Domino.
452 4161 576 4226 Parum
603 4163 679 4246 post
703 4157 905 4220 inuenerunt
925 4159 1068 4241 patrem,
1100 4150 1157 4236 qui
1177 4155 1316 4217 matrem
