2970 5430
699 447 858 504 ..156-

268 573 408 639 Romam
424 574 586 651 uastauit,
605 572 715 641 subito
731 575 886 640 moritur.
915 573 1016 641 Gothi
1043 573 1235 660 Astnphurn
1256 593 1307 640 re-

267 701 342 765 gern
357 681 582 757 constituunt,
595 681 735 746 Romam
753 680 897 747 redeunt
910 685 944 747 et
957 684 1195 748 uastauerant.
1207 681 1309 749 Astu·

268 786 354 872 phus
371 807 432 852 rex
445 786 590 864 Gallam,
608 807 758 852 sororem
782 787 957 864 Archadii,
980 787 1077 853 duxit
1099 787 1134 852 in
1151 806 1306 864 uxorem,

268 915 330 979 que
345 899 421 980 post
436 894 529 959 utilis
545 896 650 961 Rome
662 894 736 960 fuit.
753 894 846 959 Tunc
857 893 947 959 iudei
961 898 997 961 et
1008 894 1133 980 pagani
1149 892 1310 980 blasphe-

268 1006 447 1067 manerunt
465 1003 636 1087 Xpistum,
663 999 813 1066 dicentes
837 1000 925 1066 hanc
948 1000 1178 1086 pestilentiam
1202 998 1325 1066 adue-'

270 1108 359 1172 uisse
375 1114 512 1194 propter
539 1107 800 1173 destructionem
830 1106 980 1172 deorum.
1012 1107 1213 1174 Clarissima
1228 1120 1311 1175 uero

268 1214 341 1279 loca
361 1214 514 1301 disrupta
530 1220 609 1282 sunt
630 1236 651 1280 a
667 1214 826 1292 fulmiue;
850 1214 907 1279 sed
924 1219 1006 1281 tunc
1019 1215 1185 1301 xpistiani
1200 1213 1312 1283 ecole-

269 1323 337 1389 sias
350 1320 554 1399 refecerunt,
573 1320 657 1387 etde
678 1325 790 1387 cetero
806 1321 1061 1410 preualuerunt.

314 1649 501 1726 Honorius,
526 1649 634 1714 frater
655 1644 816 1714 Archadii
841 1664 914 1710 cum
942 1643 1131 1709 Theodosio
1157 1644 1311 1723 iuniore,

219 1759 250 1814 lo
269 1752 338 1818 filio
362 1753 535 1830 Archadii,
552 1753 743 1839 imperauit.
770 1788 813 1802 -
837 1752 939 1818 Gothi
963 1751 1103 1817 Romam
1119 1754 1311 1839 ceperunt;

270 1859 430 1924 Wandali
444 1860 627 1946 Hispanias
642 1864 677 1926 et
690 1859 821 1929 Gallias
837 1863 1061 1925 uastauerunt
1075 1863 1110 1924 et
1123 1856 1313 1944 Rodagins,

271 1980 385 2031 eorum
405 1985 478 2044 rex,
499 1967 695 2033 aRomanis
711 1967 841 2032 occisus
854 1971 926 2043 est;
949 1966 1107 2053 Pelagius
1126 1985 1216 2052 papa
1228 1984 1318 2031 con·

270 2071 382 2136 cilium
412 2078 532 2140 contra
560 2073 728 2139 hereticos
752 2072 839 2158 apud
866 2071 1085 2158 Carthagiam
1111 2070 1315 2138 celebrauit.

271 2178 422 2258 Cirinus,
455 2180 661 2246 Alexandria
686 2180 876 2264 episcopus,
908 2177 1069 2244 clarebat.
1097 2177 1317 2244 Herodianus

270 2287 435 2354 occiditur
450 2289 505 2373 qui
526 2291 645 2354 contra
660 2287 830 2357 Romanos
850 2288 1000 2352 uenerat.

315 2495 377 2560 Illo
399 2503 549 2582 tempore
564 2519 623 2585 per
638 2500 800 2585 Frigiam,
818 2499 1022 2584 precipiente
1041 2500 1192 2565 Honorio
1206 2500 1318 2586 impe-

272 2606 397 2676 ratore,
417 2602 556 2668 heretici
577 2603 740 2669 destructi
757 2607 881 2669 suntet
896 2623 962 2688 pax
977 2603 1128 2669 ecclesiis
1144 2603 1322 2671 redditur,

272 2708 453 2774 Dicebatur
482 2710 588 2775 eidem
620 2710 842 2796 imperatori:
871 2710 981 2784 Quare
1017 2729 1084 2774 non
1113 2710 1317 2778 occiduntur

273 2815 398 2880 inimici
413 2814 426 2879 l
448 2816 604 2882 Dicebat:
625 2816 762 2882 Utinam
778 2814 935 2900 possibile
952 2815 1035 2878 mihi
1050 2821 1142 2882 esset
1160 2820 1315 2883 mortuos

218 2926 253 2980 *20
272 2940 451 2999 reuocare;
471 2927 584 2988 tamen
607 2922 775 2989 hereticos
791 2923 873 2987 mihi
898 2942 980 2987 cura
995 2927 1048 2990 est
1062 2924 1098 2988 in
1111 2925 1203 2990 omni
1225 2928 1315 2992 tem-

271 3048 351 3114 pore
362 3027 524 3094 iudicare.
1018 3027 1023 3037 ’

316 3246 522 3311 Theodosius
545 3248 579 3311 ll
604 3268 677 3312 curn
699 3248 950 3314 Valentiniano.
965 3282 1010 3298 -
1025 3247 1187 3313 Wandali
1207 3245 1312 3314 Ah'ri-

271 3375 343 3417 carn
369 3360 592 3420 uastauerunt
611 3361 647 3420 et
661 3353 759 3419 fidem
777 3353 942 3419 deterunt.
970 3354 1166 3432 Nestorius,
1182 3356 1313 3441 ‘episco-

271 3479 332 3543 pus
348 3460 755 3547 constantinopolitanus,
774 3461 943 3526 hereticus
957 3459 1235 3545 condempnatur.

316 3675 378 3741 Illo
394 3688 554 3762 ternpore,
576 3679 693 3746 beatus
715 3680 927 3766 Augustinus
948 3636 1042 3746 obiit.
1063 3679 1127 3744 lllo
1148 3685 1309 3768 tempore,

270 3780 392 3845 bellum
409 3779 473 3847 fuit
489 3784 578 3849 inter
593 3786 837 3852 Wandalorum
859 3808 984 3874 regem,
999 3788 1155 3866 Attilam,
1173 3794 1209 3856 et
1223 3787 1312 3856 occi·
1335 3830 1342 3842 ·

272 3887 436 3964 dentales,
459 3895 494 3954 et
512 3909 552 3954 ex
570 3895 713 3977 utraque
728 3897 825 3982 parte
844 3895 1017 3984 octoginta
1032 3895 1125 3961 milia
1139 3894 1323 3964 hominum¹

272 3999 484 4066 corruerunt.
