2970 5430
715 419 873 481 ..330-

274 547 422 623 Karalus
445 549 600 639 simplex,
625 549 661 612 in
684 565 819 614 carcere
837 548 990 635 positus,
1007 549 1155 623 nobilem
1183 551 1306 627 Rutul-

274 652 389 738 phum,
407 653 512 725 filium
531 653 624 721 ducis
640 652 836 741 Burgundio
857 652 1007 724 defuncti
1023 655 1201 737 Richardi,
1216 678 1307 749 quern

273 757 315 823 de
329 779 427 825 sacro
443 758 536 828 fonte
551 759 738 838 leuauerat,
757 761 793 827 in
812 779 954 849 regnum
972 761 1186 846 sublimauit,
1201 767 1307 841 conei-

274 864 319 932 lio
333 885 521 954 procorum.

316 1078 516 1167 Mortuoque
538 1079 666 1148 Karolo
694 1080 843 1168 simplice
868 1082 904 1148 in
925 1081 1092 1163 custodio,
1114 1082 1307 1177 liudulphus

274 1189 395 1262 unctus
415 1191 468 1254 est
482 1186 517 1252 in
532 1206 645 1277 regem
668 1186 755 1275 apud
770 1187 988 1255 Suessionum
1009 1189 1241 1277 eWeuterio,
1255 1211 1308 1269 cr·

273 1293 484 1383 chiepiscopo
498 1295 695 1362 senonensi.

318 1400 382 1466 Illo
397 1420 498 1479 anno,
523 1399 609 1468 obiit
635 1401 849 1481 Weuterins,
876 1403 1163 1493 archiepiscopus,
1188 1401 1307 1481 duode-

274 1508 360 1574 cimo
385 1508 548 1574 kalendas
577 1507 774 1587 decembris,
799 1515 834 1576 et
862 1509 1024 1598 sepelitur
1047 1509 1083 1575 in
1107 1511 1307 1583 monasterio

222 1600 255 1658 ¹⁰
274 1613 615 1681 Sancti-Petri-Viui.
647 1615 708 1681 Cui
735 1615 897 1683 successit
920 1613 1024 1701 nepos
1051 1636 1146 1695 suus,
1166 1604 1308 1693 wonle-

273 1722 358 1797 rius,
386 1721 568 1786 canonicus
597 1722 736 1788 maioris
769 1720 921 1799 ecclesie,
949 1722 1004 1787 uir
1029 1719 1153 1789 nobilis
1176 1742 1304 1810 genere,

275 1825 375 1893 homo
391 1831 550 1893 uersutus
573 1828 723 1894 moribus
742 1834 777 1895 et
801 1829 938 1915 ingenio
958 1827 1113 1907 callidus,
1134 1829 1306 1911 honestus,

277 1933 386 2012 ualde,
404 1938 438 2000 et
453 1932 495 2001 ab
510 1934 664 2000 omnibus
680 1934 911 2002 honorandus.

475 2234 639 2276 wnunnnlus
654 2235 683 2286 n,
699 2232 860 2274 snnonunsls
873 2230 1110 2274 summimus·

313 2396 458 2477 vicesima
471 2405 575 2455 octena
595 2398 693 2455 tabule
706 2399 835 2472 loquitur
854 2399 891 2456 de
906 2397 1025 2455 domino
1036 2395 1203 2463 Wuuterio,
1218 2394 1310 2455 Senon

275 2488 359 2546 nensi
372 2487 598 2561 archiepiscopo,
615 2487 690 2545 etde
704 2487 761 2544 hiis
775 2504 831 2560 que
845 2487 895 2555 illo
909 2494 1039 2558 tompore
1049 2494 1224 2553 euenerunt.

318 2673 418 2739 Anno
443 2671 485 2738 ab
513 2648 751 2738 Incarnatione
771 2669 940 2737 dominica
963 2667 1259 2757 noningentesimo
1279 2674 1313 2736 et

276 2777 435 2847 uicesimo
473 2779 595 2853 tertio,
628 2776 828 2843 Wauterius
854 2777 909 2853 11,
941 2794 1044 2862 nepos
1066 2774 1313 2863 predecessoris

276 2884 340 2962 sui,
358 2881 496 2953 effectus
523 2882 601 2969 [est]
621 2882 833 2950 concorditer
855 2882 1127 2971 archiepiscopus
1145 2881 1314 2963 Senonum

219 2985 255 3043 20
277 2990 335 3057 sis.

319 3106 383 3183 Illo
405 3112 568 3195 tempore,
598 3106 721 3193 pegeni
744 3103 975 3193 Burgundiam
991 3106 1239 3185 uastauemnt;
1256 3100 1314 3181 sod

275 3235 296 3281 a
312 3215 452 3282 Francis
468 3212 666 3280 occiduntur
678 3212 788 3289 multi,
803 3216 838 3278 et
849 3212 971 3297 reliqui
994 3209 1168 3298 fugerunt.
1192 3208 1245 3277 Ibi
1260 3210 1316 3277 in·

273 3318 436 3399 terfectus
462 3319 674 3396 Wauterius,
711 3319 915 3386 Senonensis
955 3317 1079 3384 nobilis
1114 3317 1313 3385 vicecomes.

275 3428 345 3494 Iste
360 3427 573 3504 Wauterins,
601 3427 804 3494 Senonensis
829 3425 1114 3513 archiepiscopus,
1133 3421 1315 3497 laudabilis

275 3538 310 3599 et
335 3533 510 3610 honestus,
537 3531 673 3619 pacifice
703 3534 793 3601 rexit
821 3516 1008 3600 ecclesiam.
1030 3530 1156 3598 Plenus
1176 3548 1260 3617 pecc
1281 3532 1317 3601 et

274 3638 371 3706 bonis
386 3639 541 3725 operibus
564 3639 667 3718 obiit;
685 3640 720 3705 in
736 3639 961 3708 Sancti-Petri
976 3636 1198 3716 monasterio,
1217 3637 1317 3717 iuxta

276 3765 374 3817 suum
389 3746 591 3813 auunculum
610 3748 783 3833 sepelitur.

321 4069 421 4137 Anno
445 4068 578 4135 Domini
599 4067 891 4155 noningentesimo
908 4065 1069 4133 uicesimo
1090 4065 1250 4157 septimo,¹
1266 4084 1319 4133 se.-
