2918 5046
712 492 870 551 ..374-

308 620 420 708 nugo.
438 654 482 673 ·-
493 618 618 687 Eodem
632 639 735 700 enno,
757 619 869 689 tectus
881 624 937 689 est
947 638 1012 687 rex
1024 622 1239 701 Francorum
1254 626 1279 689 st

263 726 379 793 eodem
389 748 490 807 auno,
506 726 687 807 Robertus,
698 726 788 794 filius
802 748 897 806 suus,
910 725 1021 795 faetus
1035 732 1090 797 est
1101 734 1204 799 rexet
1214 748 1280 797 rno-

261 839 318 902 tus
330 836 365 899 in
378 854 504 922 regem.
518 836 736 902 Suooesseret
747 840 860 903 nutem
873 834 1027 924 predicto
1040 834 1208 904 Ludouioo

308 944 465 1025 Karolus,
480 942 589 1010 frater
598 962 692 1009 suus.
704 942 884 1010 -Contre
893 962 992 1029 quem
1004 942 1105 1031 Hugo
1111 942 1278 1023 rebellent,

261 1048 413 1135 eoquod
441 1056 618 1136 acceperat
645 1046 750 1114 flliem
777 1049 912 1116 comitis
936 1050 1133 1117 Treeemm.
1157 1050 1279 1119 coum

262 1156 369 1245 igitur
383 1156 548 1235 exercitu,
568 1156 667 1243 Hugo
690 1155 821 1224 obsedit
837 1156 1050 1235 Lendunum,
1067 1154 1126 1223 ubi
1149 1154 1281 1225 monetet

262 1261 373 1329 dietus
400 1262 548 1328 Karolus
571 1281 645 1328 cum
665 1282 770 1328 uxore
791 1281 865 1329 sne.
880 1262 1007 1329 Exiens
1028 1267 1143 1331 eutem
1156 1260 1279 1329 nmio

260 1366 302 1432 de
325 1367 477 1445 ciuitate,
505 1366 639 1455 fugauit
668 1367 789 1435 exinde
815 1368 1004 1455 Hugonem.
1043 1368 1193 1437 Cernens
1216 1384 1279 1437 uero

262 1473 361 1560 Hugo
373 1472 459 1559 quod
475 1494 550 1539 eum
567 1494 633 1538 non
648 1480 763 1561 posset
787 1474 977 1553 deninoere,
995 1474 1173 1542 consilium
1184 1472 1279 1543 hebuit

210 1584 241 1641 10
261 1600 337 1645 oum
349 1580 519 1659 Asoeliuo,
533 1582 688 1668 episcopo
699 1580 928 1659 Laudunensi‚
944 1582 1051 1669 ipsius
1060 1580 1179 1649 Kuroli
1194 1578 1280 1649 oonsi-

261 1685 372 1751 liario.
385 1686 431 1751 De
442 1692 540 1754 noete
556 1706 648 1765 uero,
665 1689 796 1754 eunctis
821 1686 1072 1775 quiescentibus
1094 1688 1129 1753 in
1149 1688 1277 1765 oiuintr.

261 1791 438 1857 Ascelinus
453 1792 629 1879 episcopus
642 1794 777 1881 Hugoni
790 1792 867 1859 duci
880 1792 1081 1860 Leudunum
1092 1792 1238 1871 tradidit,
1252 1794 1278 1859 e

259 1899 437 1967 deuinctus
453 1907 507 1966 est
524 1900 673 1965 Kerolus
688 1921 763 1967 cum
781 1920 898 1979 uxore,
915 1906 951 1969 et
963 1899 1086 1969 ductus
1107 1896 1277 1968 Annuit·

260 2010 295 2073 in
311 2006 474 2073 custodia.
495 2008 620 2073 Tamen
643 2028 710 2074 nou
728 2014 804 2077 eret
823 2015 945 2077 unctus
961 2010 997 2075 in
1016 2028 1144 2097 regem,
1164 2012 1277 2077 onus

260 2116 393 2184 dicente
406 2114 560 2202 Hugone.

305 2232 345 2297 In
356 2232 429 2318 ipso
441 2250 542 2309 anno,
559 2230 658 2315 Hugo
680 2224 748 2291 dux
764 2232 885 2294 unctus
907 2226 942 2291 in
959 2244 1074 2313 regem
1097 2224 1277 2293 Frunoom

263 2336 351 2424 apud
363 2338 490 2403 Remis.
504 2337 568 2402 Hic
585 2332 697 2401 deficit
710 2352 855 2419 regnare
868 2333 1044 2421 progenies
1053 2330 1173 2399 Kuroli
1186 2326 1278 2417 uun

260 2444 386 2507 Tamen
404 2441 529 2509 dieitur
543 2440 630 2527 quod
654 2440 720 2507 iste
736 2440 835 2527 Hugo
855 2460 898 2506 ex
910 2440 1070 2528 progenie
1085 2436 1277 2507 desoondorui

259 2568 326 2615 non
340 2570 383 2615 ex
396 2549 634 2636 primogenito,
651 2552 687 2613 et
698 2546 817 2615 hebuit
830 2564 969 2613 uxorem
989 2565 1034 2614 ex
1053 2546 1209 2635 progenie
1220 2560 1274 2619 ΙΙΙ,

205 2670 241 2727 20
259 2676 327 2723 uon
357 2657 393 2722 in
419 2654 528 2743 gradu
553 2652 724 2741 prohibito
752 2673 816 2739 que
845 2651 1070 2722 descenderat
1092 2658 1127 2721 et
1145 2646 1275 2743 progul't

259 2764 373 2851 magni
392 2763 608 2849 imperatoris
621 2762 752 2839 Karoli‚
766 2780 809 2827 ex
820 2781 887 2847 qua
907 2760 1026 2849 genuit
1041 2760 1148 2829 fllium
1164 2758 1271 2829 nonin·

260 2870 457 2947 Robertum‚
488 2870 775 2955 consanguineum
811 2867 977 2935 dictorum
1009 2864 1171 2934 Ludoniei
1193 2860 1272 2931 lvd
1308 2944 1311 2949 Ι

259 2977 391 3055 Keroli,
411 2976 606 3043 Aurelianis
632 2976 773 3043 detenti.
800 2974 844 3041 Et
857 2974 937 3061 quin
954 2992 1071 3040 eorum
1097 2964 1271 3057 oonungd*

259 3105 342 3152 neus
361 3090 449 3162 erat,
476 3102 537 3149 rex
563 3084 661 3169 Hugo
681 3080 786 3149 fllium
804 3101 900 3148 suum
922 3080 1273 3163 Robertminrsrn

260 3197 340 3281 ungi
364 3194 445 3261 feeit
459 3212 548 3259 anno
566 3190 697 3257 Domini
715 3188 1010 3277 noningentesimo
1024 3186 1222 3275 octogesimo
1235 3192 1275 3245 ¹⁰·

259 3300 384 3379 eundo,

306 3408 488 3473 ltobertus.
507 3405 647 3471 -Pius
664 3424 725 3471 rex
747 3401 825 3471 suit.

305 3514 404 3579 Anno
428 3513 560 3577 bomini
583 3510 879 3597 noningentesimo
899 3512 1022 3577 octauo
1046 3505 1185 3583 decimo.
1201 3498 1275 3567 mm

261 3618 388 3685 decimo
404 3618 569 3685 kalendas
583 3616 789 3697 uouembris,
802 3616 888 3686 obiit
901 3614 1057 3683 dominus
1077 3600 1276 3687 sonions*

207 3728 422 3793 senonensis
447 3726 733 3812 archiepiscopus,
763 3724 940 3809 eompletis
969 3724 1004 3788 in
1032 3720 1113 3789 sede
1132 3704 1276 3787 affl

259 3834 371 3899 erinis.
386 3832 545 3917 Sepultus
563 3832 626 3899 suit
643 3832 677 3897 in
696 3830 845 3917 capitulo
858 3824 1192 3897 Sancti-Petri-Uiut

304 3940 343 4005 Iu
365 3938 438 4025 ipso
455 3958 558 4011 nunno.
574 3937 719 4006 tradidit
737 3936 940 4003 Weuterius
958 3933 1056 4001 miles
1072 3940 1108 4003 et
1127 3944 1207 3999 uxor
1219 3914 1276 3985 ⁸⁸¹⁸

258 4052 408 4113 oestrum
436 4044 677 4113 Meiedunense
703 4044 811 4111 Odoni
841 4042 976 4123 eomiti;
1004 4040 1064 4109 sed
1087 4042 1198 4131 postu
1217 4028 1276 4113 W

259 4162 357 4243 nupto
373 4152 534 4233 ltoberto,
553 4172 632 4241 rege
648 4154 868 4229 Francorum,
890 4148 1093 4219 Wnuterins
1117 4140 1273 4233 ΜΝ
