2918 5046
705 446 865 504 448..

263 570 440 657 elegerunt
461 576 542 637 tunc
565 569 712 637 donnum
743 572 944 651 rimoldum,
970 572 1122 641 eiusdem
1148 572 1213 641 loci
1237 594 1299 643 mo·

263 682 421 759 nochum,
447 698 544 765 quem
561 677 784 747 confirmauit.
814 682 931 747 Voluit
958 686 1073 747 autem
1108 680 1197 747 scire
1216 680 1298 769 quod

262 792 365 865 esset,
392 792 427 852 et
442 785 558 852 datum
570 790 624 853 est
645 786 675 851 ei
688 786 775 872 quod
791 786 832 853 de
847 786 965 853 humili
992 786 1089 875 plebe
1104 794 1194 857 erat.
1210 786 1298 865 Quod

262 894 360 961 ualde
390 894 517 981 placuit
540 892 791 981 archiepiscopo
815 894 902 981 quod
934 894 1110 961 humiliter
1142 894 1205 961 sub
1232 896 1298 983 ipso

261 1024 337 1069 cum
350 1002 536 1079 monachis
556 1002 809 1069 renuntiatione
822 1002 925 1080 lacta,
945 1003 1063 1069 uiuere
1080 1002 1296 1091 proponebat,

261 1113 347 1177 sicut
359 1111 426 1175 ianr
440 1108 574 1174 dixerat
590 1108 882 1195 Sancti-Stephani
897 1111 1070 1177 canonicis
1086 1120 1123 1179 et
1134 1114 1296 1199 personis.

260 1217 476 1303 Iusseratque
492 1236 588 1281 suum
600 1236 721 1302 corpus
740 1216 874 1302 sepeliri
893 1218 928 1281 in
949 1218 1098 1305 capitulo
1120 1220 1299 1289 monacho·

261 1345 346 1389 rurn.
364 1322 639 1409 l'uncipsededit
651 1324 862 1389 omniabona
882 1344 943 1389 sna
956 1326 1145 1405 canonicis,
1157 1326 1296 1407 clericis,

260 1433 433 1498 monachis
454 1437 489 1497 et
514 1430 725 1518 pauperibus,
750 1431 830 1497 dum
853 1430 1010 1511 niuebat;
1041 1438 1078 1499 et
1105 1434 1156 1501 sic
1178 1454 1299 1523 pauper

209 1562 242 1619 10
261 1543 393 1628 spiritu,
413 1541 573 1627 migrauit
584 1560 604 1605 a
616 1539 742 1619 seculo,
757 1546 793 1605 ut
806 1539 957 1607 creditur
973 1542 1094 1607 uiuere
1108 1542 1145 1607 in
1166 1542 1297 1629 Xpiatn

259 1651 407 1737 peractis
423 1650 459 1713 in
474 1647 765 1734 archiepiscopatu
788 1648 939 1735 trigenta
959 1652 994 1714 et
1017 1654 1168 1735 quatuor
1188 1648 1296 1727 annis,

261 1755 432 1821 mensibus
455 1775 589 1832 nouom,
616 1754 744 1821 duobus
770 1754 888 1819 diebus
912 1754 1238 1823 minus.b10nachie
1260 1752 1298 1821 da

263 1885 324 1929 sua
338 1863 511 1951 sepultura
526 1862 752 1951 litigantibus,
769 1861 920 1949 sepultus
933 1861 998 1929 suit
1010 1864 1046 1927 in
1063 1862 1188 1929 maiori
1198 1860 1295 1931 eccle·

264 1974 328 2052 sia,
350 1974 385 2039 in
400 1974 550 2041 oratorio
562 1971 882 2039 Sancti-Laurentii.

424 2292 556 2360 Iterum
580 2293 621 2360 de
635 2291 836 2379 imperatore
854 2292 1003 2361 ilenrico
1018 2292 1132 2361 tertio.

304 2488 470 2555 Henricus
483 2491 606 2555 tertius
622 2490 801 2577 imperauit
813 2489 1040 2579 quadraginta
1052 2496 1089 2557 et
1106 2508 1228 2559 novem
1243 2508 1296 2557 tn·

259 2595 324 2662 nis.
343 2598 410 2661 Suo
433 2606 595 2682 tempore,
613 2604 768 2684 utsupra
788 2596 992 2675 dictumest,
1012 2598 1193 2685 xpietiani,
1216 2596 1295 2665 duee

258 2706 453 2785 Godesrido,
471 2710 657 2773 exercitum
681 2708 832 2777 lecerunt
843 2714 962 2777 contra
978 2729 1143 2798 paganos.

304 2924 367 2991 lllo
375 2930 537 3011 tempore,
550 2930 688 2993 sanctus
696 2924 851 2993 Andreas
859 2928 1017 3013 apparuit
1025 2926 1159 2995 cuidam
1171 2926 1294 2997 rustico

258 3033 299 3099 de
314 3034 491 3099 Prorintia
503 3032 636 3097 dicens:
665 3063 679 3089 a
698 3034 784 3099 Veni
798 3034 860 3101 tibi
877 3032 1053 3101 ostendam
1070 3034 1225 3101 lanceam
1238 3034 1294 3103 llo·

205 3141 240 3199 ‘20
257 3142 374 3206 mini.»
386 3140 449 3215 Qui
461 3140 621 3217 rusticuS,
634 3146 733 3226 capta
742 3140 961 3218 Anthioclria,
975 3146 1135 3227 presente
1151 3140 1294 3211 Roberto

256 3249 378 3315 comite
392 3255 428 3314 et
445 3246 619 3333 capellano
634 3266 707 3321 sno,
736 3248 770 3312 in
783 3247 926 3314 ecclesia
941 3248 1169 3317 Sancti-Petri
1185 3248 1293 3317 fodere

256 3356 355 3441 cepit,
374 3360 409 3421 ot
432 3355 583 3421 lanceam
606 3355 736 3421 llonrini
753 3356 896 3423 inuenit.
919 3356 1161 3425 Dubitantibue
1186 3362 1292 3427 autem

255 3462 436 3547 xpistianis
455 3460 496 3527 de
509 3462 638 3540 lancea,
657 3460 793 3547 quidam
807 3463 1068 3531 Bartholomeus
1078 3468 1228 3547 nomine,
1243 3466 1290 3535 cui

255 3570 398 3655 Xpistus
414 3570 564 3635 lanceam
595 3569 821 3650 indicauerat,
837 3572 967 3660 accepit
992 3572 1146 3641 lanceam
1171 3582 1208 3645 et
1223 3592 1290 3645 enm

256 3678 329 3763 ipsa
343 3674 474 3755 lancea,
488 3696 629 3743 ascenso
649 3678 727 3763 igne
746 3677 787 3744 de
804 3679 966 3747 tredecim
987 3680 1143 3767 pedibus,
1162 3682 1237 3751 eine
1250 3680 1290 3749 le·

255 3786 349 3851 sione
373 3783 486 3869 aliqua
506 3786 741 3869 pertransiuit.
762 3786 804 3853 Et
821 3788 870 3853 sic
885 3790 1048 3876 xpistiani
1072 3790 1108 3857 iu
1123 3790 1290 3880 Xpiatoat

254 3894 373 3959 lancea
398 3890 552 3957 fiduciam
583 3892 786 3961 habuerunt.
816 3894 1059 3965 Processerunt
1084 3914 1167 3965 uero
1187 3892 1287 3965 securi

254 4024 314 4091 per
330 4000 447 4069 :lehon
463 4018 526 4085 quc
550 4004 631 4065 tunc
646 4000 810 4069 Plomada
834 4004 1033 4085 uocabatur,
1062 4010 1286 4091 ueneruntque

253 4114 444 4189 Cosarcam,
464 4108 520 4176 nbi
544 4114 624 4177 tunc
636 4112 798 4199 accipiter
808 4114 897 4202 cepit
912 4112 1100 4183 columbam
1113 4134 1178 4205 qne
1194 4112 1287 4201 scrip·
