2918 5046
694 398 852 459 -3fiss-

302 530 428 597 Eodem
461 548 564 605 anno,
598 525 692 594 iacta
723 544 848 612 magua
872 522 1066 591 mortalitas
1087 522 1294 599 hominum

258 635 439 703 defunctus
460 640 513 701 est
536 631 782 711 Ysambardus,
801 630 1034 699 nobilissimus
1044 629 1154 698 frater
1168 626 1298 697 uehis

257 744 386 829 piscopi
405 742 479 809 idus
496 741 626 827 aprilis.

302 850 465 915 Dominus
477 848 621 914 Seuiuus
637 846 848 913 restaurauit
864 843 1041 911 cenobium
1055 842 1299 911 Sancti-Petri·

259 954 338 1021 Uiui
361 974 490 1040 ponens
516 955 551 1019 iu
576 954 635 1019 illo
668 951 825 1020 abbatem
854 958 1011 1039 nepotem
1041 973 1140 1020 suum
1169 952 1299 1019 nomine

260 1059 505 1137 Rainnardum,
531 1060 733 1127 monachum
754 1058 1069 1138 Sancte-Columbo,
1104 1060 1218 1126 uirum
1229 1056 1300 1125 reli·

258 1168 403 1253 giosum.
429 1168 585 1233 Retinuit
605 1165 718 1233 dictus
744 1165 1018 1254 archiepiscopus
1038 1165 1204 1253 quasdam
1224 1184 1300 1253 pos·

258 1272 427 1339 sessiones
447 1272 680 1340 Sancti-Petri
705 1292 772 1340 non
790 1272 977 1359 cupiditate
1005 1271 1064 1339 sed
1081 1270 1298 1349 necessitate.
1342 1332 1350 1351 ,

258 1379 337 1465 quia
373 1378 655 1445 Archambaudus
696 1379 911 1466 obligauerat
943 1380 1040 1447 laicis
1071 1378 1301 1467 possessiones

207 1491 239 1549 ¹0
256 1486 571 1573 Sancti-Stephani.
590 1488 735 1573 Propter
761 1486 847 1573 quod
874 1486 954 1553 lecit
975 1488 1079 1556 etiam
1098 1485 1190 1553 idem
1207 1484 1301 1553 Seui-

258 1616 322 1659 nus
338 1595 500 1659 maiorem
512 1594 690 1660 ecclesiam
710 1600 745 1661 et
760 1594 932 1662 dedicauit
944 1599 1042 1662 sexto
1060 1614 1152 1661 anno
1164 1592 1301 1661 ordina·

258 1702 362 1768 tionis
399 1722 477 1779 sue,
522 1702 625 1767 tertio
659 1720 766 1767 nonas
796 1700 958 1770 octobris.
994 1702 1074 1789 Ipsa
1104 1700 1182 1779 die,
1212 1696 1302 1766 dedit

260 1806 422 1893 quasdem
447 1806 546 1872 uillas
564 1815 598 1873 et
624 1808 785 1873 ecclesias
809 1808 852 1873 ad
878 1808 1047 1895 stipendia
1063 1808 1300 1875 canonicorum

259 1936 343 2001 (luas
359 1917 433 1980 iure
451 1914 659 1981 hereditario
683 1916 889 2001 possidebat.
908 1915 958 1983 nb
972 1916 1031 1981 illo
1045 1915 1100 1981 die
1115 1935 1183 2001 quo
1197 1932 1302 1981 sacer·

258 2020 386 2088 dotium
396 2022 540 2108 sumpsit
553 2021 710 2107 usquead
723 2025 919 2100 transitum,
933 2042 1053 2089 carnes
1064 2042 1131 2087 nou
1144 2018 1300 2097 comedit.

259 2148 322 2193 nec
344 2128 414 2193 lino
437 2150 518 2193 usus
541 2128 607 2194 luit
631 2127 803 2195 desubter.
832 2130 939 2197 Istam
959 2149 1041 2196 nero
1057 2127 1302 2195 dedicationem

259 2237 397 2301 maioris
419 2236 560 2301 ecclesie
579 2234 763 2302 celebrauit
782 2236 938 2303 dominus
955 2236 1113 2313 Semnus,
1142 2234 1303 2322 presenti·

259 2342 321 2408 bus
348 2343 507 2409 Emberto
533 2342 835 2421 Autissiodorensi‚
868 2352 902 2409 ot-
927 2344 1076 2411 Rocleno
1099 2340 1303 2409 Niueruensi

259 2450 425 2536 episcopis
454 2470 529 2513 eum
555 2449 684 2515 bonore
707 2452 867 2517 inanimo.
896 2452 1010 2539 Signis
1037 2452 1305 2521 sternumentis

205 2570 241 2627 ‘30
259 2556 501 2621 ecclesiasticis
540 2557 648 2641 ipsam
692 2560 851 2623 rnaiorem
898 2559 1077 2625 ecclesiam
1117 2542 1302 2639 decorauit}

263 2662 505 2747 brachiumque
528 2664 638 2727 sancti
668 2664 801 2745 Leonis,
827 2684 911 2751 papo
942 2658 1106 2743 doctoris:
1131 2686 1207 2733 cum
1225 2664 1306 2732 reli·

260 2768 348 2852 quiis
371 2767 412 2831 de
433 2768 551 2853 digitis
578 2771 689 2835 sancti
718 2770 866 2836 Ebbonis
889 2770 931 2837 ab
955 2770 1078 2838 abbate
1109 2768 1306 2837 Rainnardo

259 2876 485 2941 Sancti-Petri
511 2875 671 2953 obtinuit,
704 2887 738 2944 et
765 2878 886 2943 maiori
913 2876 1054 2943 ecclesie
1075 2873 1303 2951 condonauit;

261 2982 504 3067 priuilegiaque
528 2982 609 3047 lecit
633 2984 840 3051 monasterio
862 2982 1088 3049 Sancti-Petri
1119 2980 1162 3047 de
1184 2980 1306 3049 altaris

260 3090 761 3177 Sancti-Sauiniani-in-burgo,
799 3088 1305 3163 saneti-Sanctiani-in-uineis,

260 3194 735 3261 Sancti-l‘etri-de-Alsonno
760 3204 795 3265 et
818 3196 1251 3266 Sancti-Petride·Naudo
1266 3194 1307 3263 de

261 3302 403 3367 consilio
430 3304 702 3388 oinepiscnporuni
730 3314 766 3373 et
793 3308 1028 3374 consentiente
1050 3304 1188 3371 domino
1218 3324 1307 3393 papa

262 3408 413 3473 lnlranne
439 3410 533 3473 XVI.
565 3410 786 3499 Decreuitque
801 3413 956 3480 dominus
978 3414 1123 3481 Seuinus
1143 3419 1182 3480 ut
1201 3412 1307 3481 abbas

261 3514 494 3581 Sancti-Petri
524 3522 601 3603 post
623 3518 796 3605 episcopos
825 3524 954 3608 prirnus
979 3520 1109 3587 sedeat.
1143 3518 1307 3587 Tabulam

208 3638 242 3695 30
262 3630 459 3709 urgurntearn
483 3632 518 3689 et
533 3644 671 3691 auream
686 3636 766 3693 auito
782 3628 892 3695 altare
907 3626 1193 3715 Sancti-Sepbaui
1210 3644 1305 3693 eous

260 3732 382 3808 trusit,
401 3728 442 3795 ‹le
458 3752 524 3817 qua
537 3743 656 3817 postea
670 3741 751 3801 anto
763 3737 926 3803 maiorem
943 3736 1122 3805 ecclesiam
1147 3731 1241 3801 lucta
1253 3736 1306 3801 est

263 3838 369 3907 turris
383 3838 468 3903 inire
490 3846 525 3907 ot
541 3838 669 3905 laninose
685 3842 891 3909 altitudinis.
