2918 5046
640 430 796 489 -572-

411 628 578 680 sananim,
601 628 764 671 sanonum
784 630 1020 675 ARCEIBPISGOPUE·

232 776 480 850 Quinquageeima
498 777 626 835 secunda
645 778 743 835 tabula
756 776 885 851 loquitur
896 776 1082 851 demugistro
1095 776 1246 851 Stephano

197 866 273 922 dicto
297 868 441 939 Bcpuart.
467 864 630 925 bononensi
655 867 882 941 archiepiscopo,
908 876 938 925 et
962 866 1079 925 dubiis
1106 884 1166 941 que
1188 866 1245 925 iiiia

196 955 375 1025 temporibus
392 966 573 1025 euenerunt,
587 967 616 1013 et
634 974 709 1031 papa
722 956 867 1016 celestino
880 956 924 1025 Ἲς
940 956 976 1015 de
993 956 1105 1015 Karoia
1121 954 1165 1027 11,
1179 972 1246 1029 roge

196 1045 306 1111 Sicilie;
331 1044 366 1101 da
392 1045 537 1114 Eduardo,
558 1064 625 1119 rego
648 1048 821 1119 Anglorum,
842 1056 872 1103 ct
891 1046 927 1105 de
946 1046 1134 1107 dissensione
1156 1062 1245 1121 qum

196 1136 289 1191 mouit
303 1146 404 1192 contra
424 1150 520 1207 regem
535 1135 726 1195 Francorum.

240 1309 339 1374 Anno
362 1306 405 1373 ab
435 1308 651 1373 institutione
670 1307 786 1374 mundi
815 1309 942 1375 sexties
961 1308 1146 1376 millesimo
1164 1328 1247 1397 qua·

197 1415 436 1503 dragantesino
462 1417 668 1501 octogesimo
685 1421 720 1482 et
742 1415 930 1493 undecimo,
953 1415 996 1482 ab
1017 1414 1247 1485 inundatione

195 1521 315 1587 diluuii
338 1527 460 1607 quater
497 1523 675 1589 millesimo
719 1522 947 1591 ducentesimo
981 1522 1247 1613 quadragesimo

143 1642 176 1697 10
196 1649 296 1707 nono,
315 1630 533 1695 anatiuitate
549 1629 709 1696 H'abrahe
727 1634 781 1697 ter
805 1629 982 1695 millesimo
1007 1630 1248 1699 tricentesimo

196 1742 328 1814 octauo,
346 1736 387 1802 ab
402 1738 495 1801 exitu
508 1734 652 1801 tiliorum
671 1737 779 1802 Israel
790 1734 830 1801 de
843 1736 977 1823 Egypto
989 1734 1042 1801 bis
1061 1736 1247 1805 millesimo

195 1846 487 1931 octingentesimo,
505 1843 547 1909 ab
564 1842 776 1910 edificatione
789 1844 907 1930 templi
923 1842 985 1910 sub
997 1842 1248 1911 Salomonebis

196 1952 376 2017 millesimo
389 1951 620 2017 tricentesimo
635 1958 670 2019 et
681 1951 855 2027 uicesimo,
870 1950 912 2015 ab
929 1948 1019 2016 Urbc
1032 1948 1176 2019 condita
1192 1948 1247 2017 bis

197 2060 375 2125 millesimo
389 2058 617 2123 ducentesimo
635 2056 894 2143 quadragesimo
910 2062 1044 2142 quarto,
1060 2076 1082 2121 a
1099 2058 1248 2146 captiui·

195 2170 268 2231 tate
281 2164 479 2230 Babilonica
491 2165 669 2229 millesimo
686 2163 980 2249 noningentesimo
989 2164 1024 2228 ct
1034 2162 1247 2250 octogesimo

195 2274 323 2359 primo,
351 2277 386 2337 et
415 2270 457 2336 ab
489 2272 728 2337 incarnatione
764 2269 932 2337 dominice
971 2268 1155 2337 millesimo
1180 2268 1248 2337 du·

197 2381 380 2446 centesimo
411 2382 631 2467 nonagesimo
660 2378 831 2457 secundo,
862 2378 1018 2444 dominus
1047 2376 1247 2466 Stephanus

195 2486 307 2552 dictus
333 2488 461 2563 liecurt,
491 2489 655 2573 magister
682 2488 716 2551 in
748 2484 906 2561 decretio,
940 2482 1063 2551 nobilis
1101 2504 1245 2573 genero.

196 2594 254 2660 sed
282 2594 426 2661 nobilior
451 2594 612 2671 moribus,
639 2600 722 2661 tunc
753 2593 901 2660 decanus
936 2591 1077 2658 maioris
1098 2592 1245 2661 ecclesie

140 2712 177 2767 ‘20
194 2700 421 2777 Senonensis,
453 2721 512 2786 por
538 2702 628 2767 uiam
651 2701 807 2766 scrutinii
833 2699 1058 2766 communiter
1085 2698 1243 2787 eligitur,

193 2815 228 2875 et
256 2807 372 2874 eodem
397 2828 487 2875 anno
506 2810 571 2875 iter
587 2809 734 2894 arripuit
749 2807 792 2873 ad
808 2807 937 2873 curiam
952 2804 1097 2871 Romam
1115 2804 1245 2874 conflr-

193 2920 388 2996 mationem,
403 2920 691 2985 consecrationem
718 2924 753 2985 et
775 2918 936 2983 honorem
963 2914 1058 3002 pallii
1083 2922 1245 3005 receptu-

193 3046 263 3092 rus
284 3028 377 3091 Tunc
395 3026 538 3093 uacabat
553 3025 655 3091 Sedes
676 3026 873 3112 :ipostolica
887 3043 947 3110 per
963 3028 1106 3091 mortem
1123 3030 1244 3091 nancto

195 3133 354 3197 memorie
376 3132 532 3197 Nicholai
561 3134 685 3218 quarti,
704 3133 935 3219 regnabatque
962 3150 1064 3219 super
1088 3130 1244 3197 Francos

196 3238 371 3325 Philippus
384 3241 427 3315 V,
445 3238 534 3305 tilius
556 3240 702 3327 Philippi
719 3240 845 3325 quarti,
862 3238 924 3305 filii
940 3236 1115 3305 Ludouici.

239 3346 302 3412 Ilio
335 3354 497 3433 temporo,
526 3344 634 3413 iratur
658 3346 827 3415 Iohannes
852 3349 892 3411 dc
920 3343 1010 3423 Vor's,
1046 3346 1242 3433 prepositus

192 3453 506 3531 Sancto-Columbo,
525 3456 580 3540 qui
598 3454 709 3520 fuerat
726 3454 854 3520 electus
873 3452 1098 3519 communiter
1110 3456 1242 3519 atcan-

193 3560 341 3625 corditer
366 3580 425 3646 por
450 3562 540 3625 uiam
561 3561 794 3647 compromissi
811 3562 844 3624 in
868 3560 1014 3625 albatam
1038 3560 1242 3627 monasterii

193 3667 281 3733 dicte
297 3668 592 3735 Sancte-Columbo
606 3690 708 3756 prope
725 3669 887 3745 Senones,
904 3674 939 3735 et
962 3668 1029 3735 iter
1044 3668 1242 3756 arripuerat

142 3786 175 3841 30
192 3777 234 3843 ad
252 3778 391 3843 Romam
401 3778 542 3855 ruriam,
558 3777 619 3842 sub
634 3779 728 3843 cuius
739 3778 812 3841 iure
825 3782 859 3843 et
870 3774 1018 3841 dominio
1032 3772 1163 3842 dictum
1173 3790 1244 3841 mo·

193 3887 379 3953 nasterium
398 3886 557 3972 pertinet,
576 3891 611 3951 et
626 3884 791 3961 subiacet,
809 3883 942 3949 inuenit
964 3880 1084 3949 Sedcm
1097 3882 1244 3969 Aposto-

193 3993 290 4058 licam
304 4000 481 4058 uocantem
497 4015 505 4069 ;
532 4000 567 4057 ct
590 3990 663 4056 ideo
689 4010 847 4056 reuersus
864 4010 884 4055 a
901 3988 997 4055 curia
1010 3986 1167 4055 Romanu
1179 3988 1243 4057 Se·

194 4100 304 4177 nouis,
335 4100 513 4167 intendens
531 4098 643 4165 redire
667 4097 710 4163 ud
730 4098 860 4165 curiam
887 4094 1005 4163 andita
1028 4094 1244 4182 promotione
