2970 5430
711 484 871 545 -534-

269 644 356 713 papa
380 644 469 691 anno
493 626 625 691 Domini
646 624 824 693 millesimo
851 624 1091 695 ducentesimo
1108 626 1305 717 sengesimo

269 730 436 810 socundo;
456 732 607 798 Perrusii
624 732 798 819 sepelitur.

313 838 466 905 Clemens
493 840 553 917 IV,
580 839 803 907 Prouinliulis
821 839 863 907 de
887 839 972 909 uilla
995 838 1306 931 Sancti-figmin-

269 944 362 1011 Sedit
378 947 476 1011 annis
488 945 611 1024 tribus,
631 946 803 1012 mensibus
828 966 962 1027 nouem,
980 946 1107 1017 diebus
1132 948 1262 1039 nigsnti
1277 956 1308 1017 ei

270 1073 359 1131 uno;
393 1054 541 1121 cessauit
569 1054 805 1133 annistribus‚
836 1054 1173 1141 mensibusduobua
1204 1054 1306 1123 diebus

270 1162 395 1229 decem.
414 1162 608 1231 Aduocatns
629 1162 695 1231 fuit
709 1164 871 1231 famosus.
890 1166 1008 1233 Primo
1029 1166 1161 1237 habuit
1182 1186 1306 1235 uere·

271 1276 306 1337 et
320 1268 407 1335 filios
420 1292 428 1348 ;
443 1269 484 1336 de
501 1269 630 1337 familia
645 1273 736 1359 regis
746 1272 955 1340 Francorum
968 1270 1049 1343 fuit.
1062 1272 1308 1343 Pontum

269 1384 458 1455 mansore,
473 1384 611 1465 propter
623 1380 800 1446 scient-iam
818 1384 853 1445 et
874 1380 980 1445 uitam
1004 1374 1221 1446 laudabilem
1237 1378 1309 1445 Pus·

269 1483 397 1550 diensis
422 1485 597 1570 episcopus
620 1483 776 1562 efficitur,
797 1482 918 1551 deinde
933 1482 1175 1551 Narbonensis
1190 1484 1305 1553 arcbis·

223 1613 253 1669 lo
270 1592 439 1679 piscopos,
467 1590 604 1657 tandem
634 1590 832 1657 Sabinensis
861 1590 1040 1679 episcopus
1076 1596 1116 1659 et
1137 1588 1306 1659 cardinis

271 1696 348 1765 luit.
367 1699 517 1784 Legatos
534 1699 569 1762 in
588 1698 713 1785 Anglia
728 1696 771 1763 ab
791 1696 929 1766 Urbano
940 1718 1044 1785 pape,
1060 1698 1194 1767 absens
1207 1712 1231 1767 s
1246 1716 1307 1767 cs*-

270 1803 440 1871 dinalibus
453 1806 592 1893 eligitur
601 1805 765 1871 Perrusii.
779 1805 823 1871 st
838 1806 909 1871 suis
917 1804 1015 1871 bonis
1028 1804 1240 1893 operibnset
1249 1820 1307 1871 crs·

269 1911 428 1993 tionibus,
453 1912 577 1979 multas
592 1911 829 1979 tribulationes
846 1930 930 1997 quas
952 1910 1160 1999 patiebatur
1174 1908 1307 1981 Emissis

271 2030 494 2105 suotempore
512 2021 665 2105 Deusque
696 2020 766 2085 suis
782 2018 913 2086 meritis
932 2016 1091 2087 creditur
1116 2018 1305 2089 extrarius
1347 2106 1349 2119 Ι

271 2128 335 2193 llic
350 2128 567 2215 prophetauit
578 2126 619 2192 de
632 2126 837 2193 Corrardino
853 2125 917 2192 sibi
929 2124 1128 2195 dicentibus
1138 2126 1229 2215 quod
1239 2122 1307 2193 cns

273 2234 433 2300 rardinus
454 2234 575 2302 sortior
587 2239 663 2301 erat
674 2233 812 2315 Karolo,
829 2231 945 2299 dicens
958 2252 967 2299 :
980 2260 1004 2289 -ι
1019 2232 1172 2301 Factum
1188 2230 1307 2299 Gorrsr

273 2340 344 2427 dini
355 2346 426 2408 tam
439 2362 539 2427 quam
552 2341 679 2407 sumum
700 2342 939 2417 transiturum,
955 2342 992 2407 et
1006 2340 1125 2427 ipsum
1138 2346 1213 2409 tam
1223 2356 1305 2429 gnam

274 2446 315 2513 ad
342 2447 514 2515 uictimam
532 2448 711 2535 Appuliam
724 2448 945 2516 intraturum.
974 2476 990 2505 ι
1005 2446 1106 2523 Quod
1124 2448 1178 2515 sic
1191 2446 1264 2525 fnit.
1276 2448 1306 2511 st

273 2554 354 2620 alibi
369 2553 559 2621 declarabo.
582 2554 646 2620 Hic
659 2552 863 2621 eanonazuit
881 2552 1027 2621 Uiterbii
1049 2560 1212 2625 sanctum
1233 2550 1306 2621 me

218 2683 255 2739 20
274 2662 400 2747 migam
415 2659 582 2726 dutissam
599 2659 775 2745 Apolonie.

317 2878 416 2941 Anno
452 2874 584 2941 Domini
622 2871 800 2938 millesimo
833 2870 1068 2937 ducentesimo
1107 2870 1305 2959 sexagesino

271 2984 389 3061 tertio,
405 2980 561 3048 dominus
588 2978 748 3057 Karalus,
762 2978 819 3065 qui
846 2997 909 3065 pro
934 2978 1200 3065 recuperatione
1224 2970 1306 3065 regii

272 3090 385 3155 Sicilie
411 3108 470 3175 per
492 3088 666 3153 Urbanum
690 3092 832 3153 uocatus
853 3084 976 3167 suerat,
1003 3084 1148 3175 nauigio
1167 3082 1305 3153 uenitis
1346 3156 1349 3187 1

273 3196 429 3281 Apuliam
443 3216 518 3261 oum
537 3194 720 3260 baronibus
735 3190 949 3279 quibusdam,
967 3196 1003 3257 et
1018 3210 1082 3277 per
1104 3188 1232 3257 bellum
1252 3186 1305 3255 disi
1346 3208 1349 3217 ·

273 3300 500 3379 Manlredum,
516 3303 583 3367 Deo
598 3302 798 3381 auxiliante,
818 3303 854 3366 et
867 3318 973 3386 regno
997 3304 1034 3367 et
1057 3298 1136 3367 uita
1156 3296 1301 3389 priuauit
1346 3342 1349 3361 .

318 3408 417 3473 Anno
459 3408 592 3475 Domini
629 3408 808 3475 millesimo
846 3405 1079 3475 ducentesimo
1108 3408 1304 3499 sexagesimo

274 3518 407 3598 quarto,
426 3512 605 3579 Sarraceni
619 3520 786 3581 uenerunt
799 3512 999 3601 Hispaniam
1013 3532 1023 3593 ς
1042 3510 1105 3579 sed
1119 3512 1306 3581 multossn·

274 3620 376 3705 guina
414 3620 663 3707 rpistianorum
701 3620 1014 3709 crucesignatorum
1051 3616 1165 3689 effuso
1196 3614 1305 3687 desidi

277 3731 368 3793 sunt.

221 3836 253 3894 30
320 3834 418 3899 Anno
452 3834 582 3901 Domini
613 3834 793 3901 millesimo
837 3832 1070 3901 ducentesimo
1109 3832 1305 3923 sexagesino

275 3942 406 4027 quinto,
425 3941 510 4009 obiit
521 3941 675 4008 Clemens
688 3942 737 4009 IV
761 3938 926 4019 Uiterbii;
951 3938 988 4005 in
1002 3938 1304 4009 salsissimum

275 4046 532 4114 Predicatorum
549 4049 722 4135 sepelitur.

320 4156 420 4221 Anno
451 4156 584 4221 Domini
620 4156 798 4224 millesimo
836 4158 1068 4227 ducentesimo
1110 4156 1304 4251 sexagesimi

1071 4676 1349 5174 „p
