2970 5430
715 495 747 509 -
771 462 875 523 tio·-

317 588 541 677 Berengerius
557 592 584 658 1.
607 629 651 643 —
671 592 825 660 Prudens
841 594 908 661 fuit
930 595 964 660 in
987 595 1092 662 armis
1106 617 1115 676 ;
1131 596 1303 684 imperauit

271 696 370 761 annis
385 703 542 782 quatuor.

315 806 413 870 Anno
427 806 558 871 Domini
572 807 864 894 noningentesimo
875 812 909 874 et
922 813 1054 886 octauo,
1068 808 1303 875 monasterium

271 908 515 996 clugniacense
546 912 725 981 fundatum
758 913 824 981 fuit
854 934 874 979 a
899 912 1078 980 Guillelmo
1105 914 1136 993 I,
1167 914 1306 1001 principe

273 1015 478 1104 Burgundie.

319 1125 482 1210 Tempore
499 1124 675 1205 Ludouici,
693 1126 786 1213 regis
812 1126 1021 1192 Francorum
1039 1128 1076 1193 et
1098 1125 1305 1214 imperatoris

273 1231 514 1316 Romanorum,
549 1232 633 1301 obiit
663 1234 808 1312 Franco,
831 1232 935 1299 abbas
960 1231 1303 1309 Sancti-Patri-Uiuu

273 1341 435 1407 successit
465 1340 573 1407 eidem
599 1340 722 1428 Ayglo.
759 1338 923 1406 Defuncto
948 1338 1117 1426 Ayglone,
1151 1340 1304 1407 scemam

272 1446 421 1526 Sanson;
438 1445 598 1515 defuncto
612 1448 776 1524 sansone,
790 1446 953 1512 successit
963 1450 1102 1512 sanctus
1118 1444 1205 1513 Odo.
1218 1445 1304 1513 Anno
1323 1482 1329 1497 ·

221 1574 254 1631 10
272 1553 404 1618 Domini
430 1554 723 1642 noningentesimo
746 1559 781 1620 et
802 1571 903 1629 nono,
930 1570 951 1617 a
976 1550 1178 1637 quibusdam
1201 1552 1303 1643 probis

273 1659 357 1725 uiris
380 1660 563 1746 requisitus
588 1666 622 1728 et
646 1659 851 1746 postulatus,
876 1660 1005 1746 primus
1019 1659 1127 1726 abbas
1152 1661 1302 1751 (lingnia-

273 1763 384 1829 censis
405 1762 544 1832 effectus
570 1771 633 1832 est.
658 1766 701 1832 Et
718 1764 758 1831 de
784 1785 950 1831 consensu
975 1770 1166 1834 conuentus
1180 1766 1301 1835 Sancti·

274 1878 367 1945 Petri
384 1878 426 1945 ad
441 1882 638 1967 petitionem
656 1901 764 1958 suam,
782 1880 937 1947 dominus
952 1881 1169 1961 Wauterius,
1187 1882 1300 1949 archis

274 1986 441 2073 piscopus,
461 1988 496 2052 in
520 1986 610 2054 dicto
630 1988 838 2054 monasterio
859 1986 1194 2054 Sancti-Petri-Uiui
1213 1986 1301 2055 abba·

273 2100 341 2159 tem
361 2092 895 2181 instituitnomineArigandum.
1267 2086 1272 2107 '

274 2305 326 2372 De
345 2307 479 2376 domino
501 2307 663 2394 Auscpiso
686 2319 720 2373 ct
744 2308 785 2373 de
808 2304 1026 2372 translatione
1044 2304 1258 2390 relrhurirrum
1272 2315 1299 2371 et

438 2436 612 2501 corporum
634 2425 826 2481 sauctorum
851 2414 886 2479 in
908 2412 1149 2480 monasterium

557 2594 561 2604 ,
621 2520 966 2588 Sancti-Petri-Uiui.

318 2702 472 2770 Obtinuit
490 2700 645 2768 dominus
673 2702 860 2789 Ansegisus
891 2702 1166 2791 archiepiscopus
1192 2704 1297 2793 prima

220 2830 255 2887 ‘20
273 2814 346 2879 turn
362 2810 472 2877 tocius
491 2807 600 2875 Gallie
626 2827 647 2873 a
675 2808 826 2874 Iohanne
850 2829 938 2897 papa
967 2814 1002 2877 et
1027 2808 1222 2879 Germanis.
1244 2810 1297 2879 Suo

273 2922 438 3003 tempore,
463 2915 615 2982 Ecclesia
642 2915 847 2981 Senonensis
863 2935 944 3002 pace
965 2914 1136 3003 gaudebat
1160 2916 1299 2985 similiter

274 3030 308 3092 et
335 3023 477 3090 honore.
505 3022 707 3089 Multociens
740 3021 895 3089 dominus
916 3023 1107 3111 Ansegisus
1127 3023 1216 3114 apud
1241 3024 1297 3091 Ro-

274 3151 363 3198 mam
379 3131 560 3195 missarum
572 3128 771 3215 sollempnia
786 3130 983 3209 celebrauit,
996 3136 1032 3199 et
1043 3130 1179 3201 diuinos
1193 3148 1298 3200 sermo

275 3258 334 3303 nes
364 3236 454 3303 clero
479 3240 514 3302 et
544 3235 666 3322 populo
689 3236 889 3323 predicauit.
914 3238 1157 3325 Impetranita
1181 3236 1298 3307 domin

274 3364 361 3431 papa
377 3343 528 3409 Iohanne
543 3347 645 3428 caput
664 3341 753 3409 beati
766 3342 936 3431 Gregorii,
954 3364 1039 3432 pape
1057 3348 1093 3412 et
1106 3343 1299 3427 doctorisst

275 3450 450 3517 brachium
468 3450 579 3515 sancti
607 3449 745 3527 Leonis,
764 3469 871 3536 pape;
895 3457 930 3519 et
956 3451 1100 3518 Senonis
1122 3452 1158 3518 in
1180 3468 1300 3519 monu-

275 3557 362 3625 terio
383 3555 708 3623 Sancti-Petri-Viui
739 3555 943 3623 senonensis
971 3558 1098 3645 posuit.
1127 3554 1301 3627 Tranioni*

275 3663 518 3749 idem'corpora
535 3667 728 3729 sanctorum
744 3662 975 3730 confessorum
998 3664 1242 3733 Senonensium
1255 3680 1302 3731 ar·

275 3771 562 3856 chiepiscoporum
576 3769 713 3843 Leonis,
727 3769 888 3848 Vrsioini,
905 3769 1035 3857 Agricii
1051 3775 1086 3837 et
1094 3770 1263 3839 Ambrosii
1271 3766 1303 3837 te

224 3919 256 3976 30
275 3877 417 3943 basilica
445 3876 1091 3958 Sanctorum-Geruasii·et·Prothasii,
1132 3898 1198 3967 qus
1228 3894 1303 3947 nnnc

275 3983 529 4050 Sancti-Leonis
545 3981 805 4050 diciturenim
820 3983 996 4052 destructa
1008 3982 1123 4053 iuerat
1137 4006 1160 4052 a
1174 3982 1304 4075 paganis

275 4089 367 4158 dicta
389 4088 543 4168 ecclesia,
572 4095 607 4158 et
628 4091 771 4158 ecclesia
792 4088 1250 4181 Beate-Marie-de-portast
1263 4106 1305 4157 eu
