2918 5046
705 480 813 539 -472
832 506 867 523 ·-

271 612 355 682 obiit
372 610 572 689 Lotharius‚
597 611 793 697 imperator.
814 609 858 679 Et
871 608 1075 693 (lorrardue,
1105 614 1297 703 oonsmgai-

271 741 354 789 neus
373 741 453 788 suus
470 727 505 787 et
519 720 687 797 inimicus,
706 718 856 805 eligitur,
869 719 927 786 sed
942 740 1010 788 non
1023 729 1219 792 coronatur.

315 832 415 897 Anno
432 829 564 897 Domini
586 828 764 895 millesimo
787 829 971 896 centesimo
981 829 1157 898 tricesimo
1174 834 1295 911 oolam,

271 934 460 1002 Corrardus
473 934 582 1002 lactus
598 940 652 1001 est
666 934 862 1021 imperator.

315 1042 377 1108 Illo
392 1048 554 1129 tempore,
570 1040 705 1127 quidam
722 1042 885 1129 magister
899 1040 1296 1131 Alnaldnspredloauilin

270 1148 351 1216 urbe
364 1152 481 1227 Rome,
500 1148 750 1235 reprehendens
765 1148 906 1215 diuitias
918 1152 954 1217 et
965 1148 1231 1237 superfluitates.
1242 1150 1298 1219 Per

269 1258 364 1323 ouius
376 1257 574 1325 dictamulti
591 1262 768 1343 magnates
782 1254 922 1322 diuitias
932 1262 1222 1345 contempserunt.
1232 1258 1297 1347 lpse

268 1368 398 1452 postea,
408 1369 528 1449 eaptus
538 1382 598 1449 per
613 1362 726 1429 odium
741 1360 952 1441 clericorum,
971 1384 1158 1454 suspensus
1173 1372 1238 1433 est.

312 1580 375 1646 Illo
390 1576 553 1665 ternpore,
573 1577 733 1645 Ascaloni
749 1581 848 1665 capta
863 1582 916 1645 est
941 1578 1170 1667 expislianie·

218 1698 252 1755 10
313 1690 412 1753 Anno
436 1688 569 1752 Domini
596 1686 774 1753 millesimo
801 1686 985 1753 centesimo
1003 1688 1179 1755 tricesimo
1205 1708 1295 1767 nono.

269 1798 439 1865 Iohannes
466 1797 507 1863 de
536 1796 755 1884 Temporibus
780 1796 876 1875 obiit,
903 1796 960 1883 qui
984 1798 1084 1864 annis
1113 1818 1172 1867 ooo
1200 1804 1236 1869 el
1255 1798 1296 1867 lxi

268 1908 413 1983 vixerat,
439 1925 460 1970 a
485 1910 636 1994 tempore
657 1904 775 1970 Karoli
800 1906 928 1993 magni,
954 1906 1050 1971 cuius
1072 1904 1296 1995 armigerlue·

266 2018 334 2083 rat.

314 2120 377 2188 Illo
413 2126 577 2207 tempore,
611 2120 797 2209 imperator
835 2118 1036 2205 Corrardas,
1078 2120 1296 2209 predicatione

270 2226 568 2307 sanctiBernardi‚
581 2247 680 2294 eruco
702 2226 943 2313 signatusluit,
966 2226 1208 2295 etLutloaioue
1229 2248 1294 2305 rex.

268 2336 458 2422 qnimnltos
473 2334 605 2401 labores
621 2342 655 2401 et
679 2334 821 2400 insidias
836 2334 1020 2401 Greoorum
1048 2336 1142 2422 passi
1170 2340 1247 2404 sunl
1266 2334 1295 2401 in

268 2444 401 2519 itinera
415 2443 472 2509 sed
483 2450 596 2509 tamen
605 2443 858 2529 preualuerunt‚
869 2442 1036 2509 etmultas
1045 2444 1211 2511 uictorias
1217 2440 1296 2509 ultre

266 2568 372 2627 mare,
387 2570 447 2636 per
471 2549 530 2614 Dei
553 2550 713 2635 gratiam,
737 2550 940 2618 babuerunt.
963 2550 1154 2619 Corrardos
1168 2552 1296 2641 tmpore

267 2661 335 2733 tor,
360 2676 381 2721 a
399 2656 673 2743 peregrinatione
688 2655 914 2723 ultramarina
926 2655 1073 2736 rediens,
1090 2656 1294 2747 obillabttqet

210 2772 247 2831 ao
265 2763 493 2831 coronatione.

310 2979 443 3047 Floruit
481 2978 546 3045 hoo
582 2984 733 3067 ternpore
766 2976 956 3045 Richardns
984 2981 1026 3046 de
1063 2980 1293 3051 sancto-vie

263 3092 348 3154 lore.

307 3197 380 3263 Hoc
394 3200 557 3283 tempore,
574 3193 764 3262 translatus
777 3192 842 3261 luit
852 3193 938 3260 liber
946 3194 1111 3261 Iohannis
1125 3192 1292 3263 nannoni

265 3302 299 3366 in
320 3301 476 3368 latinum.

306 3408 405 3476 llnno
421 3409 552 3475 Domini
566 3410 744 3476 millesimo
756 3412 940 3478 aeratasimo
955 3409 1292 3497 quadragesimam

264 3516 372 3603 gis-ter
386 3516 509 3582 Petrus
520 3514 699 3595 Abanlart‚
717 3520 900 3583 canonicus
913 3518 1023 3604 primo
1037 3516 1179 3585 maioris
1196 3514 1292 3583 eoele-

263 3625 312 3689 sio
327 3624 543 3702 Senonensis,
562 3624 656 3692 obiit.
686 3626 748 3700 Qui
769 3624 976 3691 monasteria
996 3621 1290 3691 sanctimonialium

261 3730 429 3807 fundauit,
438 3732 628 3818 spetialiter
639 3731 809 3799 abbatiam
822 3730 862 3797 de.
874 3730 1057 3807 Paraelito,
1069 3730 1178 3817 inquo
1189 3724 1292 3815 sepeli·

260 3846 318 3907 tur
337 3860 411 3903 cum
430 3858 546 3903 vabre.
561 3840 662 3903 Suum
678 3839 886 3925 epitaphium
902 3838 972 3904 tate
985 3842 1050 3905 est.

206 3962 239 4017 30
305 3946 367 4013 Est
383 3946 467 4011 satis
484 3946 516 4009 in
530 3946 654 4011 titulo:
682 3946 805 4012 Petrus
822 3946 976 4013 hiciacel
995 3942 1226 4022 abailardus,
1244 3940 1290 4007 bic

261 4055 324 4120 soli
339 4056 451 4141 patuit
468 4053 584 4120 scibile
608 4056 763 4143 quicquid
779 4062 872 4137 erat;
892 4056 1075 4124 canonieus
1099 4053 1166 4123 tuit
1179 4056 1288 4143 elposl

261 4168 436 4227 uxoratus.
