2970 5430
706 477 866 540 ..188-

277 617 313 682 et
336 616 371 681 in
395 635 500 703 regno
531 615 736 681 Francorum
766 612 1021 700 predecessores
1050 613 1171 690 habuit
1197 638 1323 707 supra·

276 720 396 787 dictos.

320 829 404 911 Post
428 827 634 905 Clodionem,
662 826 752 893 lilius
783 847 863 892 suus
886 827 920 892 in
947 834 1090 916 utroque
1116 850 1238 920 regno,
1263 834 1319 921 qui

276 933 454 999 Meroueus
468 933 666 1000 uocabatur.

320 1040 1315 1149 PostMeroueumCluilperitusfiliussuusinutroquemgno.

318 1149 402 1214 Post
422 1148 643 1235 Chilperitum
660 1148 859 1225 Clodoueus,
877 1147 967 1215 lilius
985 1170 1077 1228 suus,
1110 1151 1145 1217 in
1174 1156 1316 1240 utroquo

275 1274 391 1341 regno.
407 1256 470 1321 Hic
483 1256 548 1323 fuit
559 1257 686 1343 primus
702 1256 893 1344 xpistianus
909 1278 926 1321 e
940 1256 1076 1343 regibus
1087 1253 1296 1325 Francorum
1303 1266 1320 1339 ;‘

275 1382 296 1427 a
321 1361 418 1429 beato
442 1363 608 1450 Remigio,
634 1364 792 1429 Remensi
817 1364 1080 1452 archiepiscopo,
1109 1364 1311 1453 baptizatus,

273 1489 363 1535 anno
397 1471 647 1537 lucarnationis
670 1469 834 1536 dominice
851 1473 1122 1559 quingentesimo
1138 1478 1174 1541 et
1197 1474 1310 1543 tortio.

223 1679 254 1739 ¹0
431 1685 483 1750 De
495 1683 669 1765 Clodoueo,
681 1706 786 1753 cuore
798 1706 870 1764 sua,
887 1698 920 1753 et
934 1687 975 1752 de
985 1685 1064 1772 filiis
1074 1687 1158 1755 aurs.

319 1901 505 1968 Clodoueus
530 1903 595 1968 iste
622 1904 749 1989 primus
774 1903 839 1969 fuit
865 1922 926 1966 rex
949 1903 1165 1969 uictoriosus;
1196 1899 1314 1968 Adhuc

274 2029 426 2096 paganus
440 2012 557 2096 genuit
568 2031 612 2077 ex
624 2010 809 2076 concubina
823 2010 1078 2088 Theodoricum,
1094 2008 1201 2076 filium
1218 2013 1313 2074 suum

274 2116 546 2203 primogenitum.
571 2115 754 2183 Postmodo
778 2137 871 2194 uero,
889 2117 1030 2183 consilio
1063 2136 1214 2194 suorum,
1231 2113 1315 2182 cm·

274 2222 420 2288 childam
432 2224 651 2309 xpistianam,
666 2221 769 2288 filiam
786 2225 877 2309 regis
894 2223 1182 2310 Burgondionum,
1195 2220 1314 2289 habuit

275 2329 311 2394 in
322 2348 474 2407 vxorem,
492 2350 534 2394 ex
547 2349 613 2414 qua
632 2331 749 2415 genuit
764 2336 835 2396 tres
854 2328 953 2408 filios,
969 2328 1206 2410 clodomirem,
1220 2327 1314 2398 chil-

273 2435 447 2502 dabertum
455 2442 489 2503 et
501 2437 686 2504 Clotarium
698 2444 733 2504 et
747 2437 924 2523 quamdam
936 2437 1040 2504 filiam
1055 2440 1191 2505 nomine
1203 2438 1314 2505 Thoo-

275 2543 475 2609 dechildarn.
489 2545 559 2609 Hos
574 2565 695 2630 pueros
714 2545 794 2613 fecit
806 2551 926 2624 mater,
941 2550 1037 2632 patre
1048 2546 1159 2613 adhuc
1167 2555 1310 2634 pagano,

274 2649 451 2736 baptizari,
470 2651 635 2718 Scribitur
648 2654 683 2716 in
699 2651 869 2718 Pantheon
881 2651 968 2739 quod
981 2649 1160 2717 Crochilda
1180 2653 1311 2738 regino,

275 2757 309 2820 in
325 2758 435 2843 prima
452 2763 548 2824 nocte
573 2760 778 2845 nuptiarum,
795 2760 992 2845 impetrauit
1011 2778 1032 2823 a
1053 2776 1133 2844 rege
1150 2764 1190 2824 ut
1204 2757 1312 2824 tribua

220 2864 256 2921 20
274 2863 415 2942 uicibus,
428 2866 569 2952 genibus
584 2865 694 2944 flexis,
713 2872 792 2931 aute
811 2886 907 2931 suurn
924 2866 1048 2932 lectum
1059 2868 1189 2943 oraret,
1204 2866 1244 2933 ut
1255 2882 1314 2951 per

274 2973 430 3041 celestem
446 2977 592 3061 gratiam
608 2995 703 3039 suum
716 2980 831 3061 posset
846 2992 1029 3060 agnoscere
1044 2976 1247 3040 creatorem.

322 3191 371 3258 De
382 3212 463 3278 eoae
475 3213 570 3277 quem
589 3173 771 3258 Clodoueus
782 3189 872 3255 dedit
885 3189 1014 3255 ecclesia
1027 3187 1118 3254 beati
1126 3187 1275 3255 Martini

689 3297 899 3365 Turonensis.

319 3514 513 3603 subiugatis
537 3516 733 3581 Alemannis
754 3533 858 3600 regno
868 3515 1103 3600 *Francorum
1126 3512 1313 3582 Clodoueue

274 3622 394 3689 Gothis
411 3628 446 3690 et
458 3623 638 3709 Aquitanis
650 3622 773 3688 bellum
789 3621 921 3698 indicit,
936 3626 972 3687 et
986 3620 1064 3685 dum
1082 3621 1229 3687 Turonis
1244 3640 1316 3709 per·

275 3731 437 3807 uenisset,
459 3729 600 3796 audiens
614 3730 704 3816 loqui
722 3728 763 3794 de
779 3728 878 3795 beato
902 3728 1064 3805 lllartino,
1079 3729 1137 3814 qui
1152 3729 1222 3794 iam
1234 3748 1315 3796 cen·

274 3843 345 3902 tum
362 3839 396 3902 et
409 3835 584 3903 duodecim
607 3856 714 3903 annos
728 3834 874 3901 habebat
890 3837 967 3920 post
983 3853 1079 3899 suurn
1100 3833 1243 3915 obitum,
1256 3833 1316 3902 de·

274 3942 324 4010 dit
349 3943 488 4010 ecclesie
507 3944 785 4011 Sancti-Martini
808 3963 929 4029 equum
957 3962 1054 4007 suum
1076 3941 1253 4028 optimum.
1272 3942 1315 4010 Et

273 4071 347 4115 cum
369 4053 404 4116 in
428 4051 558 4119 Gothos
575 4049 820 4136 triumphasset
832 4045 868 4116 et
882 4068 995 4135 regem
1011 4066 1127 4114 eorum
1142 4047 1315 4115 Alaricum

221 4149 254 4208 30
273 4156 463 4236 occidisset,
492 4157 637 4223 Turonis
665 4175 824 4222 reuersus
850 4156 981 4244 gratias
1007 4155 1101 4240 egit3
1132 4152 1315 4242 volensque
