2918 5046
711 484 869 543 ..420-

315 608 434 677 Victor
448 609 493 676 11.
504 610 652 677 -Anno
661 610 793 677 Domini
805 610 982 677 millesimo
992 608 1167 678 tricesimo
1174 608 1284 697 quinto.

271 715 365 783 Sedit
390 718 488 781 annis
511 714 652 797 duobus,
679 716 850 784 mensibus
871 714 997 795 tribus;
1015 716 1165 783 cessauit
1188 712 1284 781 diebus

270 822 392 890 tribus.
411 822 538 889 Multos
560 823 745 910 episcopos,
772 830 911 911 propter
931 824 1123 911 symoniam
1139 827 1175 890 et
1195 820 1284 889 lomi-

270 932 448 1009 eationom,
477 930 566 1018 apud
588 930 796 999 Florentiam
817 931 983 1019 deposuit.
1007 930 1101 999 Obiit
1125 932 1161 997 iu
1182 928 1282 997 Galliis

271 1038 441 1125 sepelitur.

577 1299 627 1366 De
647 1298 816 1386 Stephano
835 1318 925 1387 popa
949 1296 1001 1367 Χ.

312 1512 502 1600 Stephanus
521 1514 566 1581 X.
588 1549 631 1566 -
652 1512 746 1582 Sedit
768 1514 940 1581 mensibus
966 1532 1101 1591 nouem,
1122 1530 1207 1579 anuo
1227 1506 1278 1575 llo·

267 1622 349 1686 mini
365 1622 541 1687 millesimo
558 1623 729 1689 tricesimo
744 1624 898 1710 septimo.
922 1618 1203 1709 Lothoriugeusis
1217 1612 1275 1681 luit.

266 1727 358 1795 Obiit
372 1729 398 1793 F
401 1729 543 1797 lorentie
564 1728 737 1815 sepelitur.

628 1983 671 2047 De
692 1979 871 2048 Benedicto
891 1977 943 2049 Χ.

311 2214 511 2281 Benedictus
525 2215 570 2279 X.
596 2214 755 2281 -Sedit
783 2212 952 2281 mensibus
980 2212 1108 2281 decem.
1134 2212 1198 2279 Per
1218 2208 1276 2277 uio·

266 2320 404 2387 lentiam
422 2319 531 2387 lactus
547 2327 598 2388 est
614 2342 712 2408 papa,
728 2329 847 2407 postea
858 2324 961 2389 cessit
975 2328 1115 2409 papatu.

481 2591 525 2654 De
546 2587 704 2655 ll'iclroluo
717 2585 771 2666 11,
795 2588 836 2655 de
854 2588 1077 2677 Beranpart'o.

305 2858 490 2925 Nicholaus
514 2860 561 2938 11,
585 2858 800 2947 Burgundus.
819 2894 862 2911 -
882 2858 1101 2930 Florentinus
1124 2864 1272 2951 episeopus

261 2963 349 3044 suit;
381 2965 468 3031 sedit
491 2966 590 3030 anilis
606 2965 747 3042 duobus
772 2964 942 3032 mensibus
955 2988 1032 3049 sex,
1055 2970 1173 3037 diebus
1194 2968 1272 3057 quiu-

259 3094 323 3159 que
348 3081 383 3140 et
413 3073 556 3160 vigenti.
584 3074 751 3159 Legitime
781 3074 909 3141 electus
937 3072 1004 3143 luit
1044 3076 1171 3157 Rome;
1202 3072 1270 3143 ualt-

259 3180 357 3248 brato
385 3180 539 3260 concilio,
570 3180 674 3260 obiit;
703 3182 738 3247 in
765 3180 907 3247 ecclesia
938 3180 1171 3251 Sancti-Petri
1196 3194 1270 3265 sept·

259 3291 354 3357 litur.

304 3396 367 3464 Illo
386 3402 549 3484 tempore,
565 3395 716 3462 Ecclesia
725 3394 902 3461 Gallicana
916 3392 1056 3461 turbata
1074 3392 1139 3463 luit
1151 3412 1207 3483 per
1221 3390 1269 3457 lte

205 3522 241 3581 ‘20
261 3506 476 3593 rangerium,
509 3506 738 3571 Turonensem
766 3502 1078 3590 archiepiscopum,
1109 3500 1266 3569 honneur

259 3619 351 3680 tunc.
374 3614 498 3677 Postea
519 3613 584 3677 iste
612 3610 841 3696 lterungarius
867 3628 928 3695 per
947 3608 1149 3675 Nieholaum
1172 3616 1266 3695 pupffl
1314 3648 1316 3681 ;

260 3724 294 3787 in
323 3719 463 3787 consilio
485 3718 721 3805 redargutum
744 3716 937 3782 emendarit
964 3736 1013 3795 se,
1044 3723 1080 3786 et
1101 3714 1265 3805 predicator

260 3830 417 3895 ueritatis
443 3824 586 3891 eltleitur
615 3832 765 3890 sanctus.
801 3822 872 3887 Hoc
909 3828 1040 3909 postea,
1078 3826 1117 3889 ut
1152 3816 1262 3885 dicim

259 3936 365 4023 ipsius
392 3934 519 3999 erroris
549 3932 749 3999 retractatio
786 3930 922 4017 ponitur
944 3930 980 3995 in
1011 3928 1170 3997 decreto:
1198 3916 1262 3983 ⁸⁰⁰

257 4041 530 4117 consecratione,
564 4037 781 4107 distinetione
813 4034 983 4115 secunda,
1025 4054 1090 4125 ego
1119 4034 1262 4113 Bonum

257 4172 374 4218 rius.»
